<?xml version="1.0" encoding="UTF-8"?>
<?xml-stylesheet type="text/xsl" href="https://www.revistas.usp.br/lib/pkp/xml/oai2.xsl" ?>
<OAI-PMH xmlns="http://www.openarchives.org/OAI/2.0/" xmlns:xsi="http://www.w3.org/2001/XMLSchema-instance" xsi:schemaLocation="http://www.openarchives.org/OAI/2.0/ http://www.openarchives.org/OAI/2.0/OAI-PMH.xsd">
<responseDate>2023-08-07T14:50:23Z</responseDate>
<request verb="ListRecords" metadataPrefix="marcxml" set="actafisiatrica">https://www.revistas.usp.br/actafisiatrica/oai</request>
<ListRecords>
<record>
<header>
<identifier>oai:revistas.usp.br:article/137661</identifier>
<datestamp>2019-09-24T13:50:58Z</datestamp>
<setSpec>actafisiatrica:Art.+Orig.</setSpec>
<setSpec>driver</setSpec>
</header>
<metadata>
<record xmlns="http://www.loc.gov/MARC21/slim" xmlns:xsi="http://www.w3.org/2001/XMLSchema-instance" xsi:schemaLocation="http://www.loc.gov/MARC21/slim http://www.loc.gov/standards/marcxml/schema/MARC21slim.xsd">
<leader>     nmb a2200000Iu 4500</leader>
<controlfield tag="008">"160809 2016                        eng  "</controlfield>
<datafield tag="022" ind1="#" ind2="#">
<subfield code="$a">2317-0190</subfield>
</datafield>
<datafield tag="022" ind1="#" ind2="#">
<subfield code="$a">0104-7795</subfield>
</datafield>
<datafield tag="042" ind1=" " ind2=" ">
<subfield code="a">dc</subfield>
</datafield>
<datafield tag="245" ind1="0" ind2="0">
<subfield code="a">Realidade virtual na função motora de membros inferiores pós-acidente vascular encefálico</subfield>
</datafield>  <datafield tag="720" ind1="1" ind2=" ">
<subfield code="a">Oliveira, Marcos Paulo Braz de</subfield>
<subfield code="u">Universidade Federal de Alfenas</subfield></datafield>
<datafield tag="720" ind1="1" ind2=" ">
<subfield code="a">Ferreira, Daiane Marques</subfield>
<subfield code="u">Universidade Federal de Alfenas</subfield></datafield>
<datafield tag="720" ind1="1" ind2=" ">
<subfield code="a">Silva, Josie Resende Torres da</subfield>
<subfield code="u">Universidade Federal de Alfenas</subfield></datafield>
<datafield tag="720" ind1="1" ind2=" ">
<subfield code="a">Silva, Andreia Maria</subfield>
<subfield code="u">Universidade Federal de Alfenas</subfield></datafield>
<datafield tag="720" ind1="1" ind2=" ">
<subfield code="a">Lobato, Daniel Ferreira Moreira</subfield>
<subfield code="u">Universidade Federal de Alfenas</subfield></datafield>
<datafield tag="720" ind1="1" ind2=" ">
<subfield code="a">Kosour, Carolina</subfield>
<subfield code="u">Universidade Federal de Alfenas</subfield></datafield>
<datafield tag="720" ind1="1" ind2=" ">
<subfield code="a">Reis, Luciana Maria dos</subfield>
<subfield code="u">Universidade Federal de Alfenas</subfield></datafield>
<datafield tag="520" ind1=" " ind2=" ">
<subfield code="a"> Strokes can generate significant motor, tonic and sensitive changes. Virtual reality (RV), focused on rehabilitation, can bring several benefits such as improvements on physical fitness, motor skills and balance. Objective: To assess the effects of the RV intervention to the static and dynamic balance, weight load on the affected limb, tone and muscle recruitment, functional independence and sensorimotor function in post-stroke individuals. Methods: Quasi-experimental and prospective clinical study with 6 subjects with diagnosis of stroke. Before and after the intervention with Nintendo Wii Fit Plus, the subjects were assessed by the Berg Balance Scale, Timed “Up and Go” and Dynamic Floor Index; Gait Test (GT); Modified Ashworth Scale (MAS); Electromyography; Barthel Index and Fugl-Meyer Scale (FMS). The Statistical analysis used Kolmogorov-Smirnov test, t test and Wilcoxon. Results: The 1st and 15th session evaluations have shown that GT (p = 0.03, d = 1.96, P = 96%), MAS for hip extensor muscles (p = 0.04; d = 3.77; P = 99%), knee extensors (p = 0.04; d = 3.23; P = 99%), plantar flexors (p = 0.01; d = 3.18; P = 99%), FMS in coordination/velocity dimensions (p = 0.02; d = 6.74; P = 100%) and sensitivity (p = 0.01) presented significant results, large effect size and power above 90%. Significant values were not found to the other evaluations. Conclusion: The RV rehabilitation program was effective and improved the weight-load in affected limb, muscle tone and sensorimotor function of the subjects </subfield>
</datafield>
<datafield tag="260" ind1=" " ind2=" ">
<subfield code="b">Faculdade de Medicina, Universidade de São Paulo</subfield>
</datafield>
<dataField tag="260" ind1=" " ind2=" ">
<subfield code="c">2016-08-09 00:00:00</subfield>
</dataField>   <datafield tag="856" ind1=" " ind2=" ">
<subfield code="q">application/pdf</subfield>
</datafield>
<datafield tag="856" ind1=" " ind2=" ">
<subfield code="q">application/pdf</subfield>
</datafield>
<datafield tag="856" ind1="4" ind2="0">
<subfield code="u">https://www.revistas.usp.br/actafisiatrica/article/view/137661</subfield>
</datafield>  <datafield tag="786" ind1="0" ind2=" ">
<subfield code="n">Acta Fisiátrica; v. 23 n. 3 (2016)</subfield>
</datafield>  <datafield tag="546" ind1=" " ind2=" ">
<subfield code="a">eng</subfield>
</datafield>   <datafield tag="540" ind1=" " ind2=" ">
<subfield code="a">Copyright (c) 2016 Acta Fisiátrica</subfield>
</datafield>
</record>
</metadata>
</record>