
<record>
<header>
<identifier>oai:revistas.usp.br:article/137662</identifier>
<datestamp>2019-09-24T13:58:58Z</datestamp>
<setSpec>actafisiatrica:Art.+Orig.</setSpec>
<setSpec>driver</setSpec>
</header>
<metadata>
<record xmlns="http://www.loc.gov/MARC21/slim" xmlns:xsi="http://www.w3.org/2001/XMLSchema-instance" xsi:schemaLocation="http://www.loc.gov/MARC21/slim http://www.loc.gov/standards/marcxml/schema/MARC21slim.xsd">
<leader>     nmb a2200000Iu 4500</leader>
<controlfield tag="008">"160809 2016                        eng  "</controlfield>
<datafield tag="022" ind1="#" ind2="#">
<subfield code="$a">2317-0190</subfield>
</datafield>
<datafield tag="022" ind1="#" ind2="#">
<subfield code="$a">0104-7795</subfield>
</datafield>
<datafield tag="042" ind1=" " ind2=" ">
<subfield code="a">dc</subfield>
</datafield>
<datafield tag="245" ind1="0" ind2="0">
<subfield code="a">Comparação da pontuação obtida por videogame com variáveis biomecânicas em pacientes pós-acidente vascular encefálico</subfield>
</datafield>  <datafield tag="720" ind1="1" ind2=" ">
<subfield code="a">Tarallo, Fernanda Botta</subfield>
<subfield code="u">Universidade de São Paulo. Faculdade de Medicina. Hospital das Clínicas. Instituto de Medicina Física e Reabilitação</subfield></datafield>
<datafield tag="720" ind1="1" ind2=" ">
<subfield code="a">Silva, Jéssica Santos da</subfield>
<subfield code="u">Universidade de São Paulo. Faculdade de Medicina. Hospital das Clínicas. Instituto de Medicina Física e Reabilitação</subfield></datafield>
<datafield tag="720" ind1="1" ind2=" ">
<subfield code="a">Santos, Mayara Luz Alcantara dos</subfield>
<subfield code="u">Universidade de São Paulo. Faculdade de Medicina. Hospital das Clínicas. Instituto de Medicina Física e Reabilitação</subfield></datafield>
<datafield tag="720" ind1="1" ind2=" ">
<subfield code="a">Castro, Pedro Claudio Gonsales de</subfield>
<subfield code="u">Universidade de São Paulo. Faculdade de Medicina. Hospital das Clínicas. Instituto de Medicina Física e Reabilitação</subfield></datafield>
<datafield tag="720" ind1="1" ind2=" ">
<subfield code="a">Moreira, Maria Cecília dos Santos</subfield>
<subfield code="u">Universidade de São Paulo. Faculdade de Medicina. Hospital das Clínicas. Instituto de Medicina Física e Reabilitação</subfield></datafield>
<datafield tag="520" ind1=" " ind2=" ">
<subfield code="a"> Virtual reality (VR) promotes intensive training of a single task, enabling the motor learning, thereby affecting the recovery of postural control (PC) in individuals with stroke. Video game with balance platform are used as a form of intervention and, at the end of the game, a score is provided, but there is no evidence that it can be used as a quantitative parameter of PC. Objective: To determine whether there is a correlation between the score obtained by a video game and stabilometric variables. Methods: Nine individuals with stroke participated in an experimental protocol using the game Penguin Slide as intervention. The score was collected in the first and last sessions. The 2.0 AMTI force platform was used, with an acquisition frequency of 200Hz for evaluating before and after intervention. The volunteers were positioned with open eyes (OE) and closed eyes (CE) in the upright position for 1 minute, with one foot on each platform. Using the Matlab software, the variables of center of pressure (COP) were obtained: total COP area (ACOPt), COP area on the mediolateral (ACOPx) and anteroposterior (ACOPy) axis, average speed of COP (VCOP). The non-parametric paired Wilcoxon test (p &lt; 0.05) was used to compare the initial and final results of Penguin Slide game score and the pre and post intervention data obtained by the force platform in the OE and CE conditions. The analysis were done with the software R. Results: Comparison of initial and final score (p = 0.003). In OE condition, the initial and final comparison: ACOPt (p = 0.91), ACOPx (p = 0.57), ACOPy (p = 0.49), VCOP (p = 0.09). In CE condition, the initial and final comparison: ACOPt (p = 0.73) ACOPx (p = 1.0), ACOPy (p = 0.73) VCOP (p = 0.73). Conclusion: The VR did not provide PC improvement of the patients despite the score of the Penguin Slide game have increased significantly at the end of the protocol. Thus, there was no correlation between the score obtained by video game and the stabilometric variables </subfield>
</datafield>
<datafield tag="260" ind1=" " ind2=" ">
<subfield code="b">Faculdade de Medicina, Universidade de São Paulo</subfield>
</datafield>
<dataField tag="260" ind1=" " ind2=" ">
<subfield code="c">2016-08-09 00:00:00</subfield>
</dataField>   <datafield tag="856" ind1=" " ind2=" ">
<subfield code="q">application/pdf</subfield>
</datafield>
<datafield tag="856" ind1=" " ind2=" ">
<subfield code="q">application/pdf</subfield>
</datafield>
<datafield tag="856" ind1="4" ind2="0">
<subfield code="u">https://www.revistas.usp.br/actafisiatrica/article/view/137662</subfield>
</datafield>  <datafield tag="786" ind1="0" ind2=" ">
<subfield code="n">Acta Fisiátrica; v. 23 n. 3 (2016)</subfield>
</datafield>  <datafield tag="546" ind1=" " ind2=" ">
<subfield code="a">eng</subfield>
</datafield>   <datafield tag="540" ind1=" " ind2=" ">
<subfield code="a">Copyright (c) 2016 Acta Fisiátrica</subfield>
</datafield>
</record>
</metadata>
</record>