
<record>
<header>
<identifier>oai:revistas.usp.br:article/137663</identifier>
<datestamp>2019-09-24T14:06:01Z</datestamp>
<setSpec>actafisiatrica:Art.+Orig.</setSpec>
<setSpec>driver</setSpec>
</header>
<metadata>
<record xmlns="http://www.loc.gov/MARC21/slim" xmlns:xsi="http://www.w3.org/2001/XMLSchema-instance" xsi:schemaLocation="http://www.loc.gov/MARC21/slim http://www.loc.gov/standards/marcxml/schema/MARC21slim.xsd">
<leader>     nmb a2200000Iu 4500</leader>
<controlfield tag="008">"160809 2016                        eng  "</controlfield>
<datafield tag="022" ind1="#" ind2="#">
<subfield code="$a">2317-0190</subfield>
</datafield>
<datafield tag="022" ind1="#" ind2="#">
<subfield code="$a">0104-7795</subfield>
</datafield>
<datafield tag="042" ind1=" " ind2=" ">
<subfield code="a">dc</subfield>
</datafield>
<datafield tag="245" ind1="0" ind2="0">
<subfield code="a">Programa de treinamento muscular em pacientes com doença pulmonar obstrutiva crônica grave</subfield>
</datafield>  <datafield tag="720" ind1="1" ind2=" ">
<subfield code="a">Sagrillo, Luiza Minato</subfield>
<subfield code="u">Universidade Federal de Santa Maria</subfield></datafield>
<datafield tag="720" ind1="1" ind2=" ">
<subfield code="a">Meereis, Estele Caroline Welter</subfield>
<subfield code="u">Universidade Federal do Rio de Janeiro</subfield></datafield>
<datafield tag="720" ind1="1" ind2=" ">
<subfield code="a">Gonçalves, Marisa Pereira</subfield>
<subfield code="u">Universidade Federal de Santa Maria. Departamento de Fisioterapia e Reabilitação</subfield></datafield>
<datafield tag="520" ind1=" " ind2=" ">
<subfield code="a"> Objective: The objective of this study was to analyze the effects of a muscle training program with neuromuscular electrical stimulation (NMES) for lower limbs (LL) and active resisted exercises for upper limbs (UL) for patients with severe Chronic Obstructive Pulmonary Disease. Methods: With a sample of 5 subjects (65.2 ± 6.09 years), the initial and final evaluations were: One-RepetitionMaximum testing; Sit-to-stand test; perimetry of the thigh; 6-minute walk test; Saint George’s Respiratory Questionnaire; Medical Research Council scale for dyspnea and the BODE index. The intervention was performed three times a week and was composed of 18 sessions of 30-minute NMES followed by 30 minutes of exercise for the UL based on the diagonal Kabat method. The NMES parameters were: 50Hz of frequency, 6s on and 8s off, increase slope of 2s and decrease slope of 2s, pulse width of 400µs, and intensity defined as patient tolerance and increased from 1 to 5mA each day. Results: The results have shown an increase in muscle strength (p = 0.01) and of muscle resistance (p = 0.01). There was an improvement tendency in the quality of life (p = 0.16) and in the cardiorespiratory fitness (p = 0.11). Conclusion: The association of physical exercises with diagonals and NMES can be a beneficial resource for the treatment of patients with severe COPD. It is suggested, however, the need for new researches with a wider sample size for assuring these benefits </subfield>
</datafield>
<datafield tag="260" ind1=" " ind2=" ">
<subfield code="b">Faculdade de Medicina, Universidade de São Paulo</subfield>
</datafield>
<dataField tag="260" ind1=" " ind2=" ">
<subfield code="c">2016-08-09 00:00:00</subfield>
</dataField>   <datafield tag="856" ind1=" " ind2=" ">
<subfield code="q">application/pdf</subfield>
</datafield>
<datafield tag="856" ind1=" " ind2=" ">
<subfield code="q">application/pdf</subfield>
</datafield>
<datafield tag="856" ind1="4" ind2="0">
<subfield code="u">https://www.revistas.usp.br/actafisiatrica/article/view/137663</subfield>
</datafield>  <datafield tag="786" ind1="0" ind2=" ">
<subfield code="n">Acta Fisiátrica; v. 23 n. 3 (2016)</subfield>
</datafield>  <datafield tag="546" ind1=" " ind2=" ">
<subfield code="a">eng</subfield>
</datafield>   <datafield tag="540" ind1=" " ind2=" ">
<subfield code="a">Copyright (c) 2016 Acta Fisiátrica</subfield>
</datafield>
</record>
</metadata>
</record>