
<record>
<header>
<identifier>oai:revistas.usp.br:article/137664</identifier>
<datestamp>2019-09-24T14:25:23Z</datestamp>
<setSpec>actafisiatrica:Art.+Orig.</setSpec>
<setSpec>driver</setSpec>
</header>
<metadata>
<record xmlns="http://www.loc.gov/MARC21/slim" xmlns:xsi="http://www.w3.org/2001/XMLSchema-instance" xsi:schemaLocation="http://www.loc.gov/MARC21/slim http://www.loc.gov/standards/marcxml/schema/MARC21slim.xsd">
<leader>     nmb a2200000Iu 4500</leader>
<controlfield tag="008">"160809 2016                        eng  "</controlfield>
<datafield tag="022" ind1="#" ind2="#">
<subfield code="$a">2317-0190</subfield>
</datafield>
<datafield tag="022" ind1="#" ind2="#">
<subfield code="$a">0104-7795</subfield>
</datafield>
<datafield tag="042" ind1=" " ind2=" ">
<subfield code="a">dc</subfield>
</datafield>
<datafield tag="245" ind1="0" ind2="0">
<subfield code="a">Práticas de bloqueios neuromusculares para o tratamento da espasticidade no Brasil</subfield>
</datafield>  <datafield tag="720" ind1="1" ind2=" ">
<subfield code="a">Crema, Chiara Maria Tha</subfield>
</datafield>
<datafield tag="720" ind1="1" ind2=" ">
<subfield code="a">Santos, Ana Paula Bertole Cirino dos</subfield>
</datafield>
<datafield tag="720" ind1="1" ind2=" ">
<subfield code="a">Magário, Luiza Previato Trevisan</subfield>
</datafield>
<datafield tag="720" ind1="1" ind2=" ">
<subfield code="a">Caldas, Carla Andrea Cardoso Tanuri</subfield>
</datafield>
<datafield tag="720" ind1="1" ind2=" ">
<subfield code="a">Riberto, Marcelo</subfield>
<subfield code="0">https://orcid.org/0000-0001-9549-8830</subfield></datafield>
<datafield tag="520" ind1=" " ind2=" ">
<subfield code="a"> Botulinum toxin type A (TBA) is one of the most effective and safe treatments for spasticity. To evaluate some scales can be used, as the Modified Ashworth Scale (MAS). Therapeutic success in the application depends on the correct identification of the problem and biomechanical application of the affected muscle, which can be done by surface palpation techniques or auxiliary methods such as electromyography. Objective: To evaluate the methods of TBA applications for the treatment of spasticity performed in the practice of medical rehabilitation for children and adults. Methods: exploratory, cross-sectional study with a convenience sample size recruited in scientific events in Rio de Janeiro, São Paulo, Goiânia, Belo Horizonte, Curitiba and Ribeirão Preto (Brazil). Questionnaires regarding the treatment of spasticity containing multiple choice questions about groups of patients and treated muscles were applied. Responses were analyzed for frequency for each answer. No association test of variables or hypothesis were used. Results: 49 questionnaires were analyzed. 47% apply TBA for less than five years. The most used technique for locating points of application was muscular palpation (80%). To quantify the functional gains, 78% reported the use the MAS scale. 57% applies in adults and children. The most common children age group treated was 5-10 years (83%) and the most treated muscle group was the triceps surae (73.8%). Regarding the use of phenol, 16 used with a frequency of 1 to 5 patients per month. 45% of applicators used phenol associeted with TBA. Conclusion: The TBA is widely used in the treatment of spasticity, however there is no standardization in the form of application, method of analyzing the treatment success or the necessity of a combined agent </subfield>
</datafield>
<datafield tag="260" ind1=" " ind2=" ">
<subfield code="b">Faculdade de Medicina, Universidade de São Paulo</subfield>
</datafield>
<dataField tag="260" ind1=" " ind2=" ">
<subfield code="c">2016-08-09 00:00:00</subfield>
</dataField>   <datafield tag="856" ind1=" " ind2=" ">
<subfield code="q">application/pdf</subfield>
</datafield>
<datafield tag="856" ind1=" " ind2=" ">
<subfield code="q">application/pdf</subfield>
</datafield>
<datafield tag="856" ind1="4" ind2="0">
<subfield code="u">https://www.revistas.usp.br/actafisiatrica/article/view/137664</subfield>
</datafield>  <datafield tag="786" ind1="0" ind2=" ">
<subfield code="n">Acta Fisiátrica; v. 23 n. 3 (2016)</subfield>
</datafield>  <datafield tag="546" ind1=" " ind2=" ">
<subfield code="a">eng</subfield>
</datafield>   <datafield tag="540" ind1=" " ind2=" ">
<subfield code="a">Copyright (c) 2016 Acta Fisiátrica</subfield>
</datafield>
</record>
</metadata>
</record>