
<record>
<header>
<identifier>oai:revistas.usp.br:article/137665</identifier>
<datestamp>2019-09-24T14:33:40Z</datestamp>
<setSpec>actafisiatrica:Art.+Rev.</setSpec>
<setSpec>driver</setSpec>
</header>
<metadata>
<record xmlns="http://www.loc.gov/MARC21/slim" xmlns:xsi="http://www.w3.org/2001/XMLSchema-instance" xsi:schemaLocation="http://www.loc.gov/MARC21/slim http://www.loc.gov/standards/marcxml/schema/MARC21slim.xsd">
<leader>     nmb a2200000Iu 4500</leader>
<controlfield tag="008">"160809 2016                        eng  "</controlfield>
<datafield tag="022" ind1="#" ind2="#">
<subfield code="$a">2317-0190</subfield>
</datafield>
<datafield tag="022" ind1="#" ind2="#">
<subfield code="$a">0104-7795</subfield>
</datafield>
<datafield tag="042" ind1=" " ind2=" ">
<subfield code="a">dc</subfield>
</datafield>
<datafield tag="245" ind1="0" ind2="0">
<subfield code="a">Protocolos de prática mental utilizados na reabilitação motora de sujeitos com doença de Parkinson: revisão sistemática da literatura</subfield>
</datafield>  <datafield tag="720" ind1="1" ind2=" ">
<subfield code="a">Silva, Douglas Monteiro da</subfield>
<subfield code="u">Universidade Federal de Pernambuco</subfield></datafield>
<datafield tag="720" ind1="1" ind2=" ">
<subfield code="a">Coriolano, Maria das Graças Wanderley de Sales</subfield>
<subfield code="u">Universidade Federal de Pernambuco</subfield></datafield>
<datafield tag="720" ind1="1" ind2=" ">
<subfield code="a">Macêdo, João Gabriel Figuêredo de</subfield>
<subfield code="u">Centro Universitário Maurício de Nassau</subfield></datafield>
<datafield tag="720" ind1="1" ind2=" ">
<subfield code="a">Silva, Liliane Pereira da</subfield>
<subfield code="u">Universidade Federal de Pernambuco</subfield></datafield>
<datafield tag="720" ind1="1" ind2=" ">
<subfield code="a">Lins, Otávio Gomes</subfield>
<subfield code="u">Universidade Federal de Pernambuco</subfield></datafield>
<datafield tag="520" ind1=" " ind2=" ">
<subfield code="a"> The Mental Practice (MP) consists of a training method by which a given specific motor act is cognitively reproduced internally and repeated with the intention of promoting learning or improvement of motor skills, without inducing any real movement. The results of MP to research in Parkinson’s disease are still ambiguous due to various reasons such as the diversity of the intervention protocols. The MP with intervention protocols are cognitively complex and challenging presenting variations in its application concerning the type of PM, task/movement to be imagined and type of instruction. Objective: The study aimed to investigate the literature MPs protocols used for motor rehabilitation of individuals with Parkinson’s disease. Methods: The searches of this systematic review was performed on the portals databases: PubMed, Scopus, Web of Science and Medicine. The descriptors were: (“mental practice” or “engine imagery” or “imagery training” and “Parkinson”). Results: 128 articles were found, of which only 4 were included according to the eligibility criteria. Conclusion: The protocols that have proven to be effective for reducing bradykinesia, improving mobility and gait speed used the MP combined with physical practice in 12 sessions, of 5 to 30 minutes, visual or visual and kinesthetic imagery of specific activities and used gait videos of patients or healthy subjects promote familiarization and identification of kinematic components of the movement </subfield>
</datafield>
<datafield tag="260" ind1=" " ind2=" ">
<subfield code="b">Faculdade de Medicina, Universidade de São Paulo</subfield>
</datafield>
<dataField tag="260" ind1=" " ind2=" ">
<subfield code="c">2016-08-09 00:00:00</subfield>
</dataField>   <datafield tag="856" ind1=" " ind2=" ">
<subfield code="q">application/pdf</subfield>
</datafield>
<datafield tag="856" ind1=" " ind2=" ">
<subfield code="q">application/pdf</subfield>
</datafield>
<datafield tag="856" ind1="4" ind2="0">
<subfield code="u">https://www.revistas.usp.br/actafisiatrica/article/view/137665</subfield>
</datafield>  <datafield tag="786" ind1="0" ind2=" ">
<subfield code="n">Acta Fisiátrica; v. 23 n. 3 (2016)</subfield>
</datafield>  <datafield tag="546" ind1=" " ind2=" ">
<subfield code="a">eng</subfield>
</datafield>   <datafield tag="540" ind1=" " ind2=" ">
<subfield code="a">Copyright (c) 2016 Acta Fisiátrica</subfield>
</datafield>
</record>
</metadata>
</record>