
<record>
<header>
<identifier>oai:revistas.usp.br:article/137666</identifier>
<datestamp>2020-03-05T18:27:57Z</datestamp>
<setSpec>actafisiatrica:Art.+Orig.</setSpec>
<setSpec>driver</setSpec>
</header>
<metadata>
<record xmlns="http://www.loc.gov/MARC21/slim" xmlns:xsi="http://www.w3.org/2001/XMLSchema-instance" xsi:schemaLocation="http://www.loc.gov/MARC21/slim http://www.loc.gov/standards/marcxml/schema/MARC21slim.xsd">
<leader>     nmb a2200000Iu 4500</leader>
<controlfield tag="008">"161229 2016                        eng  "</controlfield>
<datafield tag="022" ind1="#" ind2="#">
<subfield code="$a">2317-0190</subfield>
</datafield>
<datafield tag="022" ind1="#" ind2="#">
<subfield code="$a">0104-7795</subfield>
</datafield>
<datafield tag="042" ind1=" " ind2=" ">
<subfield code="a">dc</subfield>
</datafield>
<datafield tag="245" ind1="0" ind2="0">
<subfield code="a">Adaptação transcultural do ABILOCO: uma medida de habilidade de locomoção, específica para indivíduos pós acidente vascular encefálico</subfield>
</datafield>  <datafield tag="720" ind1="1" ind2=" ">
<subfield code="a">Avelino, Patrick Roberto</subfield>
<subfield code="u">Universidade Federal de Minas Gerais – UFMG</subfield></datafield>
<datafield tag="720" ind1="1" ind2=" ">
<subfield code="a">Faria-Fortini, Iza</subfield>
<subfield code="u">Universidade Federal de Minas Gerais – UFMG</subfield><subfield code="0">https://orcid.org/0000-0002-0104-1547</subfield></datafield>
<datafield tag="720" ind1="1" ind2=" ">
<subfield code="a">Basílio, Marluce Lopes</subfield>
<subfield code="u">Universidade Federal de Minas Gerais – UFMG</subfield></datafield>
<datafield tag="720" ind1="1" ind2=" ">
<subfield code="a">Menezes, Kênia Kiefer Parreiras de</subfield>
<subfield code="u">Universidade Federal de Minas Gerais – UFMG</subfield><subfield code="0">https://orcid.org/0000-0002-9906-9555</subfield></datafield>
<datafield tag="720" ind1="1" ind2=" ">
<subfield code="a">Magalhães, Lívia de Castro</subfield>
<subfield code="u">Universidade Federal de Minas Gerais – UFMG</subfield></datafield>
<datafield tag="720" ind1="1" ind2=" ">
<subfield code="a">Teixeira-Salmela, Luci Fuscaldi</subfield>
<subfield code="u">Universidade Federal de Minas Gerais – UFMG</subfield><subfield code="0">https://orcid.org/0000-0001-8358-8636</subfield></datafield>
<datafield tag="520" ind1=" " ind2=" ">
<subfield code="a"> The ABILOCO, specific for adults with stroke, is a questionnaire for the assessment of locomotion ability. For the application with the Brazilian population, its cross-cultural adaptation is required. Objective: To translate the ABILOCO into the Brazilian-Portuguese language and adapt the questionnaire to the Brazilian culture. Methods: The process of cross-cultural adaptation followed standardized procedures and was conducted in five stages: translation, back-translation, synthesis of the translations, expert committee consultation, and testing of the pre-final version. The prefinal version was administered to 10 individuals with stroke, who were asked to interpret all of the items. Results: The cross-cultural adaptation process followed al of the recommended guidelines and minor modifications in two items were necessary to facilitate understanding. Satisfactory results were obtained during the test of the pre-final version, since there was not found any problem regarding the wording and clarity of the items or the objective of the questionnaire. Conclusions: The ABILOCO-Brazil showed satisfactory semantic, linguistic, cultural, and conceptual equivalence to be used within clinical and research contexts. Future studies should continue the process of validation of the questionnaire. </subfield>
</datafield>
<datafield tag="260" ind1=" " ind2=" ">
<subfield code="b">Faculdade de Medicina, Universidade de São Paulo</subfield>
</datafield>
<dataField tag="260" ind1=" " ind2=" ">
<subfield code="c">2016-12-29 00:00:00</subfield>
</dataField>   <datafield tag="856" ind1=" " ind2=" ">
<subfield code="q">application/pdf</subfield>
</datafield>
<datafield tag="856" ind1=" " ind2=" ">
<subfield code="q">application/pdf</subfield>
</datafield>
<datafield tag="856" ind1="4" ind2="0">
<subfield code="u">https://www.revistas.usp.br/actafisiatrica/article/view/137666</subfield>
</datafield>  <datafield tag="786" ind1="0" ind2=" ">
<subfield code="n">Acta Fisiátrica; v. 23 n. 4 (2016)</subfield>
</datafield>  <datafield tag="546" ind1=" " ind2=" ">
<subfield code="a">eng</subfield>
</datafield>   <datafield tag="540" ind1=" " ind2=" ">
<subfield code="a">Copyright (c) 2016 Acta Fisiátrica</subfield>
</datafield>
</record>
</metadata>
</record>