
<record>
<header>
<identifier>oai:revistas.usp.br:article/137667</identifier>
<datestamp>2019-09-30T13:23:01Z</datestamp>
<setSpec>actafisiatrica:Art.+Orig.</setSpec>
<setSpec>driver</setSpec>
</header>
<metadata>
<record xmlns="http://www.loc.gov/MARC21/slim" xmlns:xsi="http://www.w3.org/2001/XMLSchema-instance" xsi:schemaLocation="http://www.loc.gov/MARC21/slim http://www.loc.gov/standards/marcxml/schema/MARC21slim.xsd">
<leader>     nmb a2200000Iu 4500</leader>
<controlfield tag="008">"161229 2016                        eng  "</controlfield>
<datafield tag="022" ind1="#" ind2="#">
<subfield code="$a">2317-0190</subfield>
</datafield>
<datafield tag="022" ind1="#" ind2="#">
<subfield code="$a">0104-7795</subfield>
</datafield>
<datafield tag="042" ind1=" " ind2=" ">
<subfield code="a">dc</subfield>
</datafield>
<datafield tag="245" ind1="0" ind2="0">
<subfield code="a">Adaptação transcultural do “Pelvic Girdle Questionnaire” (PGQ) para o Brasil</subfield>
</datafield>  <datafield tag="720" ind1="1" ind2=" ">
<subfield code="a">Simões, Luan César Ferreira</subfield>
<subfield code="u">Universidade Federal de Pernambuco – UFPE</subfield></datafield>
<datafield tag="720" ind1="1" ind2=" ">
<subfield code="a">Teixeira-Salmela, Luci Fuscaldi</subfield>
<subfield code="u">Universidade Federal de Minas Gerais – UFMG</subfield><subfield code="0">https://orcid.org/0000-0001-8358-8636</subfield></datafield>
<datafield tag="720" ind1="1" ind2=" ">
<subfield code="a">Wanderley, Elaine Lima Silva</subfield>
<subfield code="u">Universidade Federal de Pernambuco – UFPE</subfield></datafield>
<datafield tag="720" ind1="1" ind2=" ">
<subfield code="a">Barros, Raphaela Rodrigues de</subfield>
<subfield code="u">Universidade Federal de Pernambuco – UFPE</subfield></datafield>
<datafield tag="720" ind1="1" ind2=" ">
<subfield code="a">Laurentino, Glória Elisabeth Carneiro</subfield>
<subfield code="u">Universidade Federal de Pernambuco – UFPE</subfield></datafield>
<datafield tag="720" ind1="1" ind2=" ">
<subfield code="a">Lemos, Andrea</subfield>
<subfield code="u">Universidade Federal de Pernambuco – UFPE</subfield></datafield>
<datafield tag="520" ind1=" " ind2=" ">
<subfield code="a"> The Pelvic Girdle Questionnaire (PGQ) has good test-retest reliability, internal consistency and construct validity. The instrument consists of 25 items divided into two subscales (activities and symptoms). Objective: The aim of this study was cross-culturally adapted for the Brazilian population “Pelvic Girdle Questionnaire” (PGQ). Method: The process of cross cultural adaptation occurred in 5 stages: translation, back translation, analysis of the expert committee, Delphi Study and pretest. A Delphi study was added to the process for submission of the instrument to the opinion of 17 physiotherapists experts from different regions of the country. Results: From the results of translation and back translation was developed a version of the PGQ synthesized in Portuguese. During the stage of the expert committee not semantic differences between the synthesized compared to the original version were observed. After consensus of more than 80% of the Delphi experts, study the version of PGQ-Brazil was applied to the target population during the pretest. Without further changes, the final version of the QMP-Brazil was completed. Conclusion: The PGQ-Brazil proved to be well adapted to the cultural reality of the Brazilian population, adding up, including the Delphi study as an additional tool to further ensure the reliability of this process </subfield>
</datafield>
<datafield tag="260" ind1=" " ind2=" ">
<subfield code="b">Faculdade de Medicina, Universidade de São Paulo</subfield>
</datafield>
<dataField tag="260" ind1=" " ind2=" ">
<subfield code="c">2016-12-29 00:00:00</subfield>
</dataField>   <datafield tag="856" ind1=" " ind2=" ">
<subfield code="q">application/pdf</subfield>
</datafield>
<datafield tag="856" ind1=" " ind2=" ">
<subfield code="q">application/pdf</subfield>
</datafield>
<datafield tag="856" ind1="4" ind2="0">
<subfield code="u">https://www.revistas.usp.br/actafisiatrica/article/view/137667</subfield>
</datafield>  <datafield tag="786" ind1="0" ind2=" ">
<subfield code="n">Acta Fisiátrica; v. 23 n. 4 (2016)</subfield>
</datafield>  <datafield tag="546" ind1=" " ind2=" ">
<subfield code="a">eng</subfield>
</datafield>   <datafield tag="540" ind1=" " ind2=" ">
<subfield code="a">Copyright (c) 2016 Acta Fisiátrica</subfield>
</datafield>
</record>
</metadata>
</record>