
<record>
<header>
<identifier>oai:revistas.usp.br:article/137668</identifier>
<datestamp>2019-09-24T11:26:40Z</datestamp>
<setSpec>actafisiatrica:Art.+Orig.</setSpec>
<setSpec>driver</setSpec>
</header>
<metadata>
<record xmlns="http://www.loc.gov/MARC21/slim" xmlns:xsi="http://www.w3.org/2001/XMLSchema-instance" xsi:schemaLocation="http://www.loc.gov/MARC21/slim http://www.loc.gov/standards/marcxml/schema/MARC21slim.xsd">
<leader>     nmb a2200000Iu 4500</leader>
<controlfield tag="008">"161229 2016                        eng  "</controlfield>
<datafield tag="022" ind1="#" ind2="#">
<subfield code="$a">2317-0190</subfield>
</datafield>
<datafield tag="022" ind1="#" ind2="#">
<subfield code="$a">0104-7795</subfield>
</datafield>
<datafield tag="042" ind1=" " ind2=" ">
<subfield code="a">dc</subfield>
</datafield>
<datafield tag="245" ind1="0" ind2="0">
<subfield code="a">Desenvolvimento e validação de um questionário de qualidade de vida em indivíduos com lesão da medula espinal</subfield>
</datafield>  <datafield tag="720" ind1="1" ind2=" ">
<subfield code="a">Feniman, Sibele Pelloso</subfield>
</datafield>
<datafield tag="720" ind1="1" ind2=" ">
<subfield code="a">Cardoso, Jefferson Rosa</subfield>
<subfield code="u">Universidade Estadual de Londrina - UEL</subfield></datafield>
<datafield tag="720" ind1="1" ind2=" ">
<subfield code="a">Villegas, Isabela Lucia Pelloso</subfield>
</datafield>
<datafield tag="720" ind1="1" ind2=" ">
<subfield code="a">Bela, Lais Faganello Dela</subfield>
<subfield code="u">Faculdade de Ensino Superior Dom Bosco</subfield></datafield>
<datafield tag="720" ind1="1" ind2=" ">
<subfield code="a">Santos, Suhaila Mahmoud Smaili</subfield>
<subfield code="u">Universidade Estadual de Londrina - UEL</subfield></datafield>
<datafield tag="720" ind1="1" ind2=" ">
<subfield code="a">Lavado, Edson Lopes</subfield>
<subfield code="u">Universidade Estadual de Londrina - UEL</subfield></datafield>
<datafield tag="520" ind1=" " ind2=" ">
<subfield code="a"> Objective: Create and test the psychometric proprieties of the specific instrument for the quantification of the quality of life in subjects with spinal cord injuries. Methods: From the existing consensus methods was chosen the Delphi technique for the creation of the questionnaire and the SF-36 for criteria method. Results: The internal consistence was α=0,827. The intra and inter evaluators confidence shows itself high by the intra class correlation coefficient and the Brand and Altman test by the difference of average. Can be observed strong correlations between the QVLM and SF-36 in the functional capacity and physical aspects domains and moderate correlation in the health state and emotional aspects domains. There was a significant difference between the four applications of QVLM, demonstrating that the questionnaire is sensible to change. Conclusion: The QVLM was created with a suitable methodology and the evaluation of the psychometrics proprieties turn out to be on a valid, reliable, consisting and sensible to changes instrument </subfield>
</datafield>
<datafield tag="260" ind1=" " ind2=" ">
<subfield code="b">Faculdade de Medicina, Universidade de São Paulo</subfield>
</datafield>
<dataField tag="260" ind1=" " ind2=" ">
<subfield code="c">2016-12-29 00:00:00</subfield>
</dataField>   <datafield tag="856" ind1=" " ind2=" ">
<subfield code="q">application/pdf</subfield>
</datafield>
<datafield tag="856" ind1=" " ind2=" ">
<subfield code="q">application/pdf</subfield>
</datafield>
<datafield tag="856" ind1="4" ind2="0">
<subfield code="u">https://www.revistas.usp.br/actafisiatrica/article/view/137668</subfield>
</datafield>  <datafield tag="786" ind1="0" ind2=" ">
<subfield code="n">Acta Fisiátrica; v. 23 n. 4 (2016)</subfield>
</datafield>  <datafield tag="546" ind1=" " ind2=" ">
<subfield code="a">eng</subfield>
</datafield>   <datafield tag="540" ind1=" " ind2=" ">
<subfield code="a">Copyright (c) 2016 Acta Fisiátrica</subfield>
</datafield>
</record>
</metadata>
</record>