
<record>
<header>
<identifier>oai:revistas.usp.br:article/137669</identifier>
<datestamp>2019-09-24T11:33:49Z</datestamp>
<setSpec>actafisiatrica:Art.+Orig.</setSpec>
<setSpec>driver</setSpec>
</header>
<metadata>
<record xmlns="http://www.loc.gov/MARC21/slim" xmlns:xsi="http://www.w3.org/2001/XMLSchema-instance" xsi:schemaLocation="http://www.loc.gov/MARC21/slim http://www.loc.gov/standards/marcxml/schema/MARC21slim.xsd">
<leader>     nmb a2200000Iu 4500</leader>
<controlfield tag="008">"161229 2016                        eng  "</controlfield>
<datafield tag="022" ind1="#" ind2="#">
<subfield code="$a">2317-0190</subfield>
</datafield>
<datafield tag="022" ind1="#" ind2="#">
<subfield code="$a">0104-7795</subfield>
</datafield>
<datafield tag="042" ind1=" " ind2=" ">
<subfield code="a">dc</subfield>
</datafield>
<datafield tag="245" ind1="0" ind2="0">
<subfield code="a">Efeitos da intervenção fisioterapêutica na amplitude de movimento do ombro e no mapa termográfico de idosas submetidas à cirurgia para tratamento de câncer de mama</subfield>
</datafield>  <datafield tag="720" ind1="1" ind2=" ">
<subfield code="a">Petry, Débora Melissa</subfield>
<subfield code="u">Universidade Federal de Santa Catarina - UFSC</subfield></datafield>
<datafield tag="720" ind1="1" ind2=" ">
<subfield code="a">Honório, Gesilani Julia da Silva</subfield>
<subfield code="u">Universidade do Estado de Santa Catarina - UDESC</subfield></datafield>
<datafield tag="720" ind1="1" ind2=" ">
<subfield code="a">Santos, Keyla dos</subfield>
<subfield code="u">Universidade do Estado de Santa Catarina - UDESC</subfield></datafield>
<datafield tag="720" ind1="1" ind2=" ">
<subfield code="a">Santos, Saionara dos</subfield>
</datafield>
<datafield tag="720" ind1="1" ind2=" ">
<subfield code="a">Luz, Clarissa Medeiros da</subfield>
<subfield code="u">Universidade do Estado de Santa Catarina - UDESC</subfield></datafield>
<datafield tag="720" ind1="1" ind2=" ">
<subfield code="a">Luz, Soraia Cristina Tonon da</subfield>
<subfield code="u">Universidade do Estado de Santa Catarina - UDESC</subfield></datafield>
<datafield tag="720" ind1="1" ind2=" ">
<subfield code="a">Palú, Marina</subfield>
<subfield code="u">Universidade do Estado de Santa Catarina - UDESC</subfield></datafield>
<datafield tag="520" ind1=" " ind2=" ">
<subfield code="a"> Age is the main risk factor for developing breast cancer and clinically, older women have a more difficult rehabilitation process. Objective: The aim of the study was to evaluate the effects of physiotherapy intervention in range of motion (ROM) of shoulder and thermographic map of elderly postoperative treatment of breast cancer. Methods: A total of 10 elderly, undergoing surgery for breast cancer. The evaluation was done before and after the intervention by means of the goniometer for ADM measures and thermographic camera Eletrophysics PV320T, to identify the temperature of the thoracic region. We used the Wilcoxon test and Spearman correlation, with a 0.05 significance level. Results: The patients showed significant improvement in range of all movements of the affected limb, except internal rotation. When comparing the assessment of temperature values with the revaluation, there was an increase in temperature of the thoracic regions, and only significant values preserved breast. By comparing the temperature of the region preserved with compromised in the evaluation, there was a significant difference, since the revaluation, there was an approximation of these values. Conclusion: The correlation between increased temperature and ADM was significant for both members adduction and internal rotation member preserved in the evaluation. Intervention assured resolution or reduction of amendments on physical examination, improved ROM, increased temperature of the thoracic regions, and correlation between temperature increase and ROM bilateral adduction and internal rotation member preserved in the initial evaluation </subfield>
</datafield>
<datafield tag="260" ind1=" " ind2=" ">
<subfield code="b">Faculdade de Medicina, Universidade de São Paulo</subfield>
</datafield>
<dataField tag="260" ind1=" " ind2=" ">
<subfield code="c">2016-12-29 00:00:00</subfield>
</dataField>   <datafield tag="856" ind1=" " ind2=" ">
<subfield code="q">application/pdf</subfield>
</datafield>
<datafield tag="856" ind1="4" ind2="0">
<subfield code="u">https://www.revistas.usp.br/actafisiatrica/article/view/137669</subfield>
</datafield>  <datafield tag="786" ind1="0" ind2=" ">
<subfield code="n">Acta Fisiátrica; v. 23 n. 4 (2016)</subfield>
</datafield>  <datafield tag="546" ind1=" " ind2=" ">
<subfield code="a">eng</subfield>
</datafield>   <datafield tag="540" ind1=" " ind2=" ">
<subfield code="a">Copyright (c) 2016 Acta Fisiátrica</subfield>
</datafield>
</record>
</metadata>
</record>