
<record>
<header>
<identifier>oai:revistas.usp.br:article/137670</identifier>
<datestamp>2019-09-24T11:38:38Z</datestamp>
<setSpec>actafisiatrica:Art.+Orig.</setSpec>
<setSpec>driver</setSpec>
</header>
<metadata>
<record xmlns="http://www.loc.gov/MARC21/slim" xmlns:xsi="http://www.w3.org/2001/XMLSchema-instance" xsi:schemaLocation="http://www.loc.gov/MARC21/slim http://www.loc.gov/standards/marcxml/schema/MARC21slim.xsd">
<leader>     nmb a2200000Iu 4500</leader>
<controlfield tag="008">"161229 2016                        eng  "</controlfield>
<datafield tag="022" ind1="#" ind2="#">
<subfield code="$a">2317-0190</subfield>
</datafield>
<datafield tag="022" ind1="#" ind2="#">
<subfield code="$a">0104-7795</subfield>
</datafield>
<datafield tag="042" ind1=" " ind2=" ">
<subfield code="a">dc</subfield>
</datafield>
<datafield tag="245" ind1="0" ind2="0">
<subfield code="a">Avaliação da força muscular respiratória e capacidade funcional em pacientes com fibrose cística</subfield>
</datafield>  <datafield tag="720" ind1="1" ind2=" ">
<subfield code="a">Silva, Cássio Magalhães da Silva e</subfield>
<subfield code="u">Universidade Federal da Bahia - UFBA</subfield></datafield>
<datafield tag="720" ind1="1" ind2=" ">
<subfield code="a">Araujo, Adriele Mascarenhas</subfield>
<subfield code="u">Secretaria de Saúde do Estado da Bahia</subfield></datafield>
<datafield tag="720" ind1="1" ind2=" ">
<subfield code="a">Silva, Anna Lúcia Lima Diniz da</subfield>
<subfield code="u">Secretaria de Saúde do Estado da Bahia</subfield></datafield>
<datafield tag="720" ind1="1" ind2=" ">
<subfield code="a">Sousa, Valdívia Alves de</subfield>
<subfield code="u">Secretaria de Saúde do Estado da Bahia</subfield></datafield>
<datafield tag="720" ind1="1" ind2=" ">
<subfield code="a">Gomes Neto, Mansueto</subfield>
<subfield code="u">Universidade Federal da Bahia - UFBA</subfield></datafield>
<datafield tag="720" ind1="1" ind2=" ">
<subfield code="a">Saquetto, Micheli Bernadone</subfield>
<subfield code="u">Universidade Federal da Bahia - UFBA</subfield></datafield>
<datafield tag="520" ind1=" " ind2=" ">
<subfield code="a"> Objective: To correlate the respiratory muscle strength and functional capacity in patients with CF. Method: Cross-sectional study in adults with cystic fibrosis. Sampling data were cataloged in Microsoft Office Excel 2007 and the variables analyzed by SPSS version 20.0 using the Student t test and the Spearman coefficient. The level of significance adopted was p &lt; 0.05. Results: We assessed 35 patients with cystic fibrosis (44.6 ± 19.0 years), the great majority of patients in FC (n=22) did not present weakness of the inspiratory muscles (MIP -90,7 ± 27.4 cmH2O). It was not found statistically significant differences only between the adult and elderly patients. There was a positive correlation between MIP and MEP and a six-minute walk test (6MWT) in participants with respiratory muscle weakness and in the elderly. There was statistically significant difference between the averages of the distance covered on the 6MWT and the maximal respiratory pressures with the average of what was envisaged for these variables. Conclusion: All groups presented limitation of respiratory strength and functional capacity. The correlations between the respiratory pressures with the 6MWT were low and small in adults and individuals without respiratory muscle weakness; moderate to high in the elderly; small to moderate in women; small and negative in men; and high in patients with respiratory muscle weakness. </subfield>
</datafield>
<datafield tag="260" ind1=" " ind2=" ">
<subfield code="b">Faculdade de Medicina, Universidade de São Paulo</subfield>
</datafield>
<dataField tag="260" ind1=" " ind2=" ">
<subfield code="c">2016-12-29 00:00:00</subfield>
</dataField>   <datafield tag="856" ind1=" " ind2=" ">
<subfield code="q">application/pdf</subfield>
</datafield>
<datafield tag="856" ind1=" " ind2=" ">
<subfield code="q">application/pdf</subfield>
</datafield>
<datafield tag="856" ind1="4" ind2="0">
<subfield code="u">https://www.revistas.usp.br/actafisiatrica/article/view/137670</subfield>
</datafield>  <datafield tag="786" ind1="0" ind2=" ">
<subfield code="n">Acta Fisiátrica; v. 23 n. 4 (2016)</subfield>
</datafield>  <datafield tag="546" ind1=" " ind2=" ">
<subfield code="a">eng</subfield>
</datafield>   <datafield tag="540" ind1=" " ind2=" ">
<subfield code="a">Copyright (c) 2016 Acta Fisiátrica</subfield>
</datafield>
</record>
</metadata>
</record>