
<record>
<header>
<identifier>oai:revistas.usp.br:article/137671</identifier>
<datestamp>2019-09-24T12:09:20Z</datestamp>
<setSpec>actafisiatrica:Art.+Orig.</setSpec>
<setSpec>driver</setSpec>
</header>
<metadata>
<record xmlns="http://www.loc.gov/MARC21/slim" xmlns:xsi="http://www.w3.org/2001/XMLSchema-instance" xsi:schemaLocation="http://www.loc.gov/MARC21/slim http://www.loc.gov/standards/marcxml/schema/MARC21slim.xsd">
<leader>     nmb a2200000Iu 4500</leader>
<controlfield tag="008">"161229 2016                        eng  "</controlfield>
<datafield tag="022" ind1="#" ind2="#">
<subfield code="$a">2317-0190</subfield>
</datafield>
<datafield tag="022" ind1="#" ind2="#">
<subfield code="$a">0104-7795</subfield>
</datafield>
<datafield tag="042" ind1=" " ind2=" ">
<subfield code="a">dc</subfield>
</datafield>
<datafield tag="245" ind1="0" ind2="0">
<subfield code="a">Equilíbrio e ajuste postural antecipatório em idosos caidores: efeitos da reabilitação virtual e cinesioterapia</subfield>
</datafield>  <datafield tag="720" ind1="1" ind2=" ">
<subfield code="a">Franciulli, Patrícia Martins</subfield>
<subfield code="u">Universidade São Judas Tadeu</subfield></datafield>
<datafield tag="720" ind1="1" ind2=" ">
<subfield code="a">Silva, Gislene Gomes da</subfield>
<subfield code="u">Santa Casa de São Paulo. Faculdade de Medicina</subfield></datafield>
<datafield tag="720" ind1="1" ind2=" ">
<subfield code="a">Bigongiari, Aline</subfield>
<subfield code="u">Universidade São Judas Tadeu</subfield></datafield>
<datafield tag="720" ind1="1" ind2=" ">
<subfield code="a">Barbanera, Márcia</subfield>
<subfield code="u">Universidade São Judas Tadeu</subfield></datafield>
<datafield tag="720" ind1="1" ind2=" ">
<subfield code="a">Razi Neto, Semaan El</subfield>
<subfield code="u">Universidade São Judas Tadeu</subfield></datafield>
<datafield tag="720" ind1="1" ind2=" ">
<subfield code="a">Mochizuki, Luis</subfield>
<subfield code="u">Universidade de São Paulo. Escola de Artes Ciências e Humanidades</subfield></datafield>
<datafield tag="520" ind1=" " ind2=" ">
<subfield code="a"> Aging causes a number of changes in motor control of the individual and consequently in postural adjustments. Objective: To evaluate the balance and anticipatory postural adjustments of the agonist muscles and the ankle joint antagonists and compare the effect of rehabilitation virtual and kinesiotherapy in the elderly. Methods: Twenty four elderly participated of this study divided into two groups. 12 participants and the kinesiotherapy group by 12 participants composed the virtual rehabilitation group, equally. The treatment protocol was conducted for six weeks. Virtual rehabilitation group used Xbox 360 with kinect and Your Shape Fitness Evolved game. In the kinesiotherapy group the same protocol exercises were performed. Results: The results indicated a statistically significant difference between pre and post intervention phases in Berg Balance Scale in both groups. There was decreased activation of tibialis anterior muscle in the right functional range of task after interventions, and increased lateral gastrocnemius muscle activation rights in the trunk flexion after training. No differences were observed in muscle activation between the two types of intervention. Conclusion: Protocols with therapeutic exercise and virtual rehabilitation were effective in improving balance and functional capacity of fallers, with no differences between the two types of intervention </subfield>
</datafield>
<datafield tag="260" ind1=" " ind2=" ">
<subfield code="b">Faculdade de Medicina, Universidade de São Paulo</subfield>
</datafield>
<dataField tag="260" ind1=" " ind2=" ">
<subfield code="c">2016-12-29 00:00:00</subfield>
</dataField>   <datafield tag="856" ind1=" " ind2=" ">
<subfield code="q">application/pdf</subfield>
</datafield>
<datafield tag="856" ind1=" " ind2=" ">
<subfield code="q">application/pdf</subfield>
</datafield>
<datafield tag="856" ind1="4" ind2="0">
<subfield code="u">https://www.revistas.usp.br/actafisiatrica/article/view/137671</subfield>
</datafield>  <datafield tag="786" ind1="0" ind2=" ">
<subfield code="n">Acta Fisiátrica; v. 23 n. 4 (2016)</subfield>
</datafield>  <datafield tag="546" ind1=" " ind2=" ">
<subfield code="a">eng</subfield>
</datafield>   <datafield tag="540" ind1=" " ind2=" ">
<subfield code="a">Copyright (c) 2016 Acta Fisiátrica</subfield>
</datafield>
</record>
</metadata>
</record>