
<record>
<header>
<identifier>oai:revistas.usp.br:article/137672</identifier>
<datestamp>2019-09-24T12:14:52Z</datestamp>
<setSpec>actafisiatrica:Art.+Orig.</setSpec>
<setSpec>driver</setSpec>
</header>
<metadata>
<record xmlns="http://www.loc.gov/MARC21/slim" xmlns:xsi="http://www.w3.org/2001/XMLSchema-instance" xsi:schemaLocation="http://www.loc.gov/MARC21/slim http://www.loc.gov/standards/marcxml/schema/MARC21slim.xsd">
<leader>     nmb a2200000Iu 4500</leader>
<controlfield tag="008">"161229 2016                        eng  "</controlfield>
<datafield tag="022" ind1="#" ind2="#">
<subfield code="$a">2317-0190</subfield>
</datafield>
<datafield tag="022" ind1="#" ind2="#">
<subfield code="$a">0104-7795</subfield>
</datafield>
<datafield tag="042" ind1=" " ind2=" ">
<subfield code="a">dc</subfield>
</datafield>
<datafield tag="245" ind1="0" ind2="0">
<subfield code="a">A multidisciplinaridade na redução da levodopa na pessoa com doença de Parkinson avançada</subfield>
</datafield>  <datafield tag="720" ind1="1" ind2=" ">
<subfield code="a">Yamaguchi, Bruna</subfield>
<subfield code="u">Universidade Federal do Paraná - UFPR</subfield></datafield>
<datafield tag="720" ind1="1" ind2=" ">
<subfield code="a">Ferreira, Manoela de Paula</subfield>
<subfield code="u">Universidade Federal do Paraná - UFPR</subfield></datafield>
<datafield tag="720" ind1="1" ind2=" ">
<subfield code="a">Israel, Vera Lúcia</subfield>
<subfield code="u">Universidade Federal do Paraná - UFPR</subfield></datafield>
<datafield tag="520" ind1=" " ind2=" ">
<subfield code="a"> Objective: To identify and compare people with Parkinson Disease (PD) doing multidisciplinary activities with those who do not realize. Method: Participants were evaluated for the Hoehn and Yahr (HY) (1-4), age, daily dose of levodopa, what activities they participate in and quality of life (PDQ-39), UPDRS activities of daily living and motor (UPDRS). They compared participants and non-practicing multidisciplinary activities stratifying the levels of HY between those with balance deficit (levels 3 and 4 HY), and those who do not have balance problems (levels 1 and 2 HY). Results: Attended by 49 participants of both genders (21 women, 28 men), these 17 do not participate in other therapies and 32 perform at least one multidisciplinary activity. There were no differences between groups participants and non-participating multidisciplinary activities. However, when stratifying the levels of HY, we realized that there was a statistical difference at the highest level of HY, the daily dose prescribed levodopa, between participants and non-participating multidisciplinary activities (P=0.017). Conclusions: The finding points that for this group of people with PD, with greater severity of PD, those who practice multidisciplinary activities need a statistically lower dose of levodopa </subfield>
</datafield>
<datafield tag="260" ind1=" " ind2=" ">
<subfield code="b">Faculdade de Medicina, Universidade de São Paulo</subfield>
</datafield>
<dataField tag="260" ind1=" " ind2=" ">
<subfield code="c">2016-12-29 00:00:00</subfield>
</dataField>   <datafield tag="856" ind1=" " ind2=" ">
<subfield code="q">application/pdf</subfield>
</datafield>
<datafield tag="856" ind1=" " ind2=" ">
<subfield code="q">application/pdf</subfield>
</datafield>
<datafield tag="856" ind1="4" ind2="0">
<subfield code="u">https://www.revistas.usp.br/actafisiatrica/article/view/137672</subfield>
</datafield>  <datafield tag="786" ind1="0" ind2=" ">
<subfield code="n">Acta Fisiátrica; v. 23 n. 4 (2016)</subfield>
</datafield>  <datafield tag="546" ind1=" " ind2=" ">
<subfield code="a">eng</subfield>
</datafield>   <datafield tag="540" ind1=" " ind2=" ">
<subfield code="a">Copyright (c) 2016 Acta Fisiátrica</subfield>
</datafield>
</record>
</metadata>
</record>