
<record>
<header>
<identifier>oai:revistas.usp.br:article/137673</identifier>
<datestamp>2019-11-21T20:10:10Z</datestamp>
<setSpec>actafisiatrica:Art.+Orig.</setSpec>
<setSpec>driver</setSpec>
</header>
<metadata>
<record xmlns="http://www.loc.gov/MARC21/slim" xmlns:xsi="http://www.w3.org/2001/XMLSchema-instance" xsi:schemaLocation="http://www.loc.gov/MARC21/slim http://www.loc.gov/standards/marcxml/schema/MARC21slim.xsd">
<leader>     nmb a2200000Iu 4500</leader>
<controlfield tag="008">"161229 2016                        eng  "</controlfield>
<datafield tag="022" ind1="#" ind2="#">
<subfield code="$a">2317-0190</subfield>
</datafield>
<datafield tag="022" ind1="#" ind2="#">
<subfield code="$a">0104-7795</subfield>
</datafield>
<datafield tag="042" ind1=" " ind2=" ">
<subfield code="a">dc</subfield>
</datafield>
<datafield tag="245" ind1="0" ind2="0">
<subfield code="a">Forças de reação ao solo durante a marcha de pacientes com linfedema de membro inferior</subfield>
</datafield>  <datafield tag="720" ind1="1" ind2=" ">
<subfield code="a">Forner-Cordero, Isabel</subfield>
</datafield>
<datafield tag="720" ind1="1" ind2=" ">
<subfield code="a">Furtado, Fabianne</subfield>
<subfield code="u">Instituto Federal de Educação, Ciência e Tecnologia do Sudeste de Minas Gerais. Campus Barbacena</subfield></datafield>
<datafield tag="720" ind1="1" ind2=" ">
<subfield code="a">Cervera-Deval, Juan</subfield>
</datafield>
<datafield tag="720" ind1="1" ind2=" ">
<subfield code="a">Forner-Cordero, Arturo</subfield>
<subfield code="u">Universidade de São Paulo. Escola Politécnica. Departamento de Mecatrônica. Laboratório de Biomatologia</subfield></datafield>
<datafield tag="520" ind1=" " ind2=" ">
<subfield code="a"> Although gait problems have been reported in patients with lower limb lymphedema (LLL), the gait pattern (GP) changes have not been documented yet. However, it is possible that patients with LLL show abnormal GP that can be related to biomechanical complications related to osteoarthritis or falls affecting the quality of life. Ground reaction force analysis during gait allows objective assessment of the patients and it can be used to plan a rehabilitation approach. Objective: To analyze the GRF during gait in patients LLL. Methods: An experimental descriptive study was realized with twenty-three LLL patients, both unilateral and bilateral and classified as moderate and severe, participated in the experiments. The patients walked on a force plate while the three ground reaction force (GRF) components, vertical, mediolateral (M-L) and anteroposterior (A-P), under their feet were recorded and analyzed. Results: In the patients with unilateral lymphedema, either moderate or severe, the vertical GRF components of the affected limb were similar to the sound one and also resembling those found in healthy adults. The M-L GRF was smaller in the non-affected side. In patients with bilateral lymphedema gait speed was significantly slower. More interestingly, the vertical GRF pattern was flat, not showing the typical 2-peak shape. Finally, the large M-L forces found suggest gait stability problems. Conclusions: The patients showed abnormal GRF patterns, including compensation with the non-affected leg. The GRF variability was higher in the patients with severe unilateral lymphedema. Bilateral lymphedema results in lower A-P forces. Stance phase duration was longer in patients with bilateral and severe lymphedema </subfield>
</datafield>
<datafield tag="260" ind1=" " ind2=" ">
<subfield code="b">Faculdade de Medicina, Universidade de São Paulo</subfield>
</datafield>
<dataField tag="260" ind1=" " ind2=" ">
<subfield code="c">2016-12-29 00:00:00</subfield>
</dataField>   <datafield tag="856" ind1=" " ind2=" ">
<subfield code="q">application/pdf</subfield>
</datafield>
<datafield tag="856" ind1="4" ind2="0">
<subfield code="u">https://www.revistas.usp.br/actafisiatrica/article/view/137673</subfield>
</datafield>  <datafield tag="786" ind1="0" ind2=" ">
<subfield code="n">Acta Fisiátrica; v. 23 n. 4 (2016)</subfield>
</datafield>  <datafield tag="546" ind1=" " ind2=" ">
<subfield code="a">eng</subfield>
</datafield>   <datafield tag="540" ind1=" " ind2=" ">
<subfield code="a">Copyright (c) 2016 Acta Fisiátrica</subfield>
</datafield>
</record>
</metadata>
</record>