
<record>
<header>
<identifier>oai:revistas.usp.br:article/137674</identifier>
<datestamp>2019-11-21T20:18:07Z</datestamp>
<setSpec>actafisiatrica:Art.+Orig.</setSpec>
<setSpec>driver</setSpec>
</header>
<metadata>
<record xmlns="http://www.loc.gov/MARC21/slim" xmlns:xsi="http://www.w3.org/2001/XMLSchema-instance" xsi:schemaLocation="http://www.loc.gov/MARC21/slim http://www.loc.gov/standards/marcxml/schema/MARC21slim.xsd">
<leader>     nmb a2200000Iu 4500</leader>
<controlfield tag="008">"161229 2016                        eng  "</controlfield>
<datafield tag="022" ind1="#" ind2="#">
<subfield code="$a">2317-0190</subfield>
</datafield>
<datafield tag="022" ind1="#" ind2="#">
<subfield code="$a">0104-7795</subfield>
</datafield>
<datafield tag="042" ind1=" " ind2=" ">
<subfield code="a">dc</subfield>
</datafield>
<datafield tag="245" ind1="0" ind2="0">
<subfield code="a">Análise do desenvolvimento psicomotor e nível de atividade física de crianças em atividades físicas extracurriculares</subfield>
</datafield>  <datafield tag="720" ind1="1" ind2=" ">
<subfield code="a">Prado, Maria Tereza Artero</subfield>
<subfield code="u">Universidade do Oeste Paulista - UNOESTE </subfield></datafield>
<datafield tag="720" ind1="1" ind2=" ">
<subfield code="a">Masset, Thais</subfield>
</datafield>
<datafield tag="720" ind1="1" ind2=" ">
<subfield code="a">Fernani, Deborah Cristina Gonçalves Luiz</subfield>
<subfield code="u">Universidade do Oeste Paulista - UNOESTE </subfield></datafield>
<datafield tag="720" ind1="1" ind2=" ">
<subfield code="a">Veríssimo, Caroline Mariana Albertin</subfield>
</datafield>
<datafield tag="720" ind1="1" ind2=" ">
<subfield code="a">Romanini, Maelis de Souza</subfield>
</datafield>
<datafield tag="720" ind1="1" ind2=" ">
<subfield code="a">Silva, Talita Dias da</subfield>
</datafield>
<datafield tag="720" ind1="1" ind2=" ">
<subfield code="a">Alvarez, Mayra Priscila Boscolo</subfield>
<subfield code="u">Universidade Nove de Julho - UNINOVE</subfield></datafield>
<datafield tag="720" ind1="1" ind2=" ">
<subfield code="a">Monteiro, Carlos Bandeira de Mello</subfield>
<subfield code="u">Universidade de São Paulo. Escola de Artes, Ciências e Humanidades</subfield></datafield>
<datafield tag="520" ind1=" " ind2=" ">
<subfield code="a"> Objective: The objective was to evaluate the psychomotor development in the areas of global motor skills, balance and body structure and level of school extracurricular physical activity. Method: The sample consisted of 30 individuals of both sexes from 6 to 10 years old, divided into two groups: Active Extracurricular Group and Sedentary Extracurricular Group. Data collection included the characterization of the subjects, anthropometric data, and the tests Development Scale Motor and the IPAQ short version. The variables were expressed as frequencies and proportions, the normality was tested with the Shapiro-Wilk test. Student t test was used to determine the statistical significance of normal data and Mann Whitney test for the non-normal data. Statistical significance was set at p0.05. Results: The classification of BMI / age of both groups was eutrophic (53.3%) and the remainder (46.6%) were overweight. The sedentary group had better results in overall motor development, and the active group in balance and body scheme. Conclusion: The children who engage in extracurricular physical activity showed better development in balance and body structure, when compared to those that do not </subfield>
</datafield>
<datafield tag="260" ind1=" " ind2=" ">
<subfield code="b">Faculdade de Medicina, Universidade de São Paulo</subfield>
</datafield>
<dataField tag="260" ind1=" " ind2=" ">
<subfield code="c">2016-12-29 00:00:00</subfield>
</dataField>   <datafield tag="856" ind1=" " ind2=" ">
<subfield code="q">application/pdf</subfield>
</datafield>
<datafield tag="856" ind1="4" ind2="0">
<subfield code="u">https://www.revistas.usp.br/actafisiatrica/article/view/137674</subfield>
</datafield>  <datafield tag="786" ind1="0" ind2=" ">
<subfield code="n">Acta Fisiátrica; v. 23 n. 4 (2016)</subfield>
</datafield>  <datafield tag="546" ind1=" " ind2=" ">
<subfield code="a">eng</subfield>
</datafield>   <datafield tag="540" ind1=" " ind2=" ">
<subfield code="a">Copyright (c) 2016 Acta Fisiátrica</subfield>
</datafield>
</record>
</metadata>
</record>