
<record>
<header>
<identifier>oai:revistas.usp.br:article/144575</identifier>
<datestamp>2019-10-25T20:17:29Z</datestamp>
<setSpec>actafisiatrica:Art.+Orig.</setSpec>
<setSpec>driver</setSpec>
</header>
<metadata>
<record xmlns="http://www.loc.gov/MARC21/slim" xmlns:xsi="http://www.w3.org/2001/XMLSchema-instance" xsi:schemaLocation="http://www.loc.gov/MARC21/slim http://www.loc.gov/standards/marcxml/schema/MARC21slim.xsd">
<leader>     nmb a2200000Iu 4500</leader>
<controlfield tag="008">"170331 2017                        eng  "</controlfield>
<datafield tag="022" ind1="#" ind2="#">
<subfield code="$a">2317-0190</subfield>
</datafield>
<datafield tag="022" ind1="#" ind2="#">
<subfield code="$a">0104-7795</subfield>
</datafield>
<datafield tag="042" ind1=" " ind2=" ">
<subfield code="a">dc</subfield>
</datafield>
<datafield tag="245" ind1="0" ind2="0">
<subfield code="a">Prevalência de dificuldade de locomoção em idosos institucionalizados</subfield>
</datafield>  <datafield tag="720" ind1="1" ind2=" ">
<subfield code="a">Giaquini, Franciane</subfield>
<subfield code="u">Universidade de Passo Fundo - UPF</subfield></datafield>
<datafield tag="720" ind1="1" ind2=" ">
<subfield code="a">Lini, Ezequiel Vitório</subfield>
<subfield code="u">Universidade de Passo Fundo - UPF</subfield></datafield>
<datafield tag="720" ind1="1" ind2=" ">
<subfield code="a">Doring, Marlene</subfield>
<subfield code="u">Universidade de Passo Fundo - UPF</subfield><subfield code="0">https://orcid.org/0000-0001-8551-8551</subfield></datafield>
<datafield tag="520" ind1=" " ind2=" ">
<subfield code="a"> Objetivo: Identificar a prevalência de dificuldade de locomoção em idosos institucionalizados e sua correlação com o perfil clínico-funcional, realizou-se um estudo transversal com 191 pessoas com idade ≥ 60 anos residentes em 13 instituições de longa permanência para idosos de Passo Fundo, no ano de 2014. Método: Utilizou-se um questionário estruturado, aplicado aos idosos ou aos responsáveis técnicos das instituições. Foram contempladas variáveis sociodemográficas, relacionadas à saúde e questões específicas sobre dificuldades na deambulação. Considerou-se dificuldade de locomoção a necessidade de qualquer ajuda ou apoio para caminhar, seja bengala, andador ou mesmo restrição ao leito. Realizou-se análise descritiva e bivariada dos dados. Para verificar a associação entre as variáveis categóricas foram aplicados os testes qui-quadrado de Pearson e exato de Fisher a um nível de significância de 5%. Resultados: A prevalência de dificuldade de locomoção foi de 50,3%. Utilizavam cadeira de rodas 41,7%, acamados 24%, andador 16,7%, bengala 14,6% e muletas 3,1%. Dos idosos com dificuldade de locomoção, 89,6% eram dependentes para as atividades básicas de vida diária e 62,5% consideraram sua saúde como regular, ruim ou muito ruim. Conclusão: A alta prevalência de dificuldade de locomoção, inclusive com muitos idosos restritos ao leito, alerta para a necessidade de intervenções preventivas antes da institucionalização e a minimização das complicações que estas condições podem trazer. </subfield>
</datafield>
<datafield tag="260" ind1=" " ind2=" ">
<subfield code="b">Faculdade de Medicina, Universidade de São Paulo</subfield>
</datafield>
<dataField tag="260" ind1=" " ind2=" ">
<subfield code="c">2017-03-31 00:00:00</subfield>
</dataField>   <datafield tag="856" ind1=" " ind2=" ">
<subfield code="q">application/pdf</subfield>
</datafield>
<datafield tag="856" ind1=" " ind2=" ">
<subfield code="q">application/pdf</subfield>
</datafield>
<datafield tag="856" ind1="4" ind2="0">
<subfield code="u">https://www.revistas.usp.br/actafisiatrica/article/view/144575</subfield>
</datafield>  <datafield tag="786" ind1="0" ind2=" ">
<subfield code="n">Acta Fisiátrica; v. 24 n. 1 (2017)</subfield>
</datafield>  <datafield tag="546" ind1=" " ind2=" ">
<subfield code="a">por</subfield>
</datafield>   <datafield tag="540" ind1=" " ind2=" ">
<subfield code="a">Copyright (c) 2017 Acta Fisiátrica</subfield>
</datafield>
</record>
</metadata>
</record>