
<record>
<header>
<identifier>oai:revistas.usp.br:article/144576</identifier>
<datestamp>2019-09-23T17:43:14Z</datestamp>
<setSpec>actafisiatrica:Art.+Orig.</setSpec>
<setSpec>driver</setSpec>
</header>
<metadata>
<record xmlns="http://www.loc.gov/MARC21/slim" xmlns:xsi="http://www.w3.org/2001/XMLSchema-instance" xsi:schemaLocation="http://www.loc.gov/MARC21/slim http://www.loc.gov/standards/marcxml/schema/MARC21slim.xsd">
<leader>     nmb a2200000Iu 4500</leader>
<controlfield tag="008">"170331 2017                        eng  "</controlfield>
<datafield tag="022" ind1="#" ind2="#">
<subfield code="$a">2317-0190</subfield>
</datafield>
<datafield tag="022" ind1="#" ind2="#">
<subfield code="$a">0104-7795</subfield>
</datafield>
<datafield tag="042" ind1=" " ind2=" ">
<subfield code="a">dc</subfield>
</datafield>
<datafield tag="245" ind1="0" ind2="0">
<subfield code="a">Avaliação da funcionalidade e qualidade de vida em pacientes críticos: série de casos</subfield>
</datafield>  <datafield tag="720" ind1="1" ind2=" ">
<subfield code="a">Wiethan, Jéssica Rosa Vargas</subfield>
</datafield>
<datafield tag="720" ind1="1" ind2=" ">
<subfield code="a">Soares, Janice Cristina</subfield>
</datafield>
<datafield tag="720" ind1="1" ind2=" ">
<subfield code="a">Souza, Juliana Alves</subfield>
</datafield>
<datafield tag="520" ind1=" " ind2=" ">
<subfield code="a"> Hospitalization in Intensive Care Unit (ICU) usually results in decreased functionality and quality of life. Risk long-term sequelae may result from factors related to disease, treatment performed and time staying in bed. Objective: To evaluate the functionality and quality of life of patients who received physiotherapy in the ICU and correlate these variables after 30 days of discharge. Methods: A case series report study was conducted with 15 patients. Evaluation of functionality by the Functional Independence Measure - FIM (before ICU, at immediate release and after 30 days), evaluation of quality of life by Short-Form (SF-36) Health Survey (after 30 days). Results: The mean age was 43.20 ± 16.92 years, predominant causes of hospitalization were neurological, mechanical ventilation time was 14 (9-14) days and ICU 15.80 ± 7.16 days and all had complications. Before the ICU the patients were with full or modified independence (FIM 1=126), after discharge there was a decline to modified dependence (FIM 2=48) and after 30 days there was improvement, but functionality continued as modified dependence (FIM 3=92). The functionality areas like self-care, mobility and locomotion had major changes after the ICU and a significant improvement at 30 days; sphincter control, communication and social cognition had minor changes after the ICU and after 30 days the values approached the previous ones. The quality of life was affected 30 days after discharge with reduction in scores for all areas, the most affected ones were functional capacity, limitation by physical aspects, pain and social aspects. There were positive correlations between the areas of sphincters control, mobility and mobility (functionality) and functional capacity (quality of life). Conclusion: ICU negatively affected the functionality, especially at immediate release. After 30 days, there was an improvement, in part, that can be attributed to physical therapy, because all patients received this treatment in the ICU and many continued it after discharge. However, some deficits still remained, also affecting their quality of life. </subfield>
</datafield>
<datafield tag="260" ind1=" " ind2=" ">
<subfield code="b">Faculdade de Medicina, Universidade de São Paulo</subfield>
</datafield>
<dataField tag="260" ind1=" " ind2=" ">
<subfield code="c">2017-03-31 00:00:00</subfield>
</dataField>   <datafield tag="856" ind1=" " ind2=" ">
<subfield code="q">application/pdf</subfield>
</datafield>
<datafield tag="856" ind1=" " ind2=" ">
<subfield code="q">application/pdf</subfield>
</datafield>
<datafield tag="856" ind1="4" ind2="0">
<subfield code="u">https://www.revistas.usp.br/actafisiatrica/article/view/144576</subfield>
</datafield>  <datafield tag="786" ind1="0" ind2=" ">
<subfield code="n">Acta Fisiátrica; v. 24 n. 1 (2017)</subfield>
</datafield>  <datafield tag="546" ind1=" " ind2=" ">
<subfield code="a">eng</subfield>
</datafield>   <datafield tag="540" ind1=" " ind2=" ">
<subfield code="a">Copyright (c) 2017 Acta Fisiátrica</subfield>
</datafield>
</record>
</metadata>
</record>