
<record>
<header>
<identifier>oai:revistas.usp.br:article/144577</identifier>
<datestamp>2019-09-23T19:36:29Z</datestamp>
<setSpec>actafisiatrica:Art.+Orig.</setSpec>
<setSpec>driver</setSpec>
</header>
<metadata>
<record xmlns="http://www.loc.gov/MARC21/slim" xmlns:xsi="http://www.w3.org/2001/XMLSchema-instance" xsi:schemaLocation="http://www.loc.gov/MARC21/slim http://www.loc.gov/standards/marcxml/schema/MARC21slim.xsd">
<leader>     nmb a2200000Iu 4500</leader>
<controlfield tag="008">"170331 2017                        eng  "</controlfield>
<datafield tag="022" ind1="#" ind2="#">
<subfield code="$a">2317-0190</subfield>
</datafield>
<datafield tag="022" ind1="#" ind2="#">
<subfield code="$a">0104-7795</subfield>
</datafield>
<datafield tag="042" ind1=" " ind2=" ">
<subfield code="a">dc</subfield>
</datafield>
<datafield tag="245" ind1="0" ind2="0">
<subfield code="a">Caracterização do paciente acometido por acidente vascular encefálico atendido no Centro de Reabilitação Lucy Montoro de São José dos Campos</subfield>
</datafield>  <datafield tag="720" ind1="1" ind2=" ">
<subfield code="a">Dias, Karina Costa</subfield>
</datafield>
<datafield tag="720" ind1="1" ind2=" ">
<subfield code="a">Duarte, Maria Angélica Nader Miranda</subfield>
</datafield>
<datafield tag="720" ind1="1" ind2=" ">
<subfield code="a">Silva, Nathália Borloni</subfield>
</datafield>
<datafield tag="720" ind1="1" ind2=" ">
<subfield code="a">Lopes, Maria Izabel Romão</subfield>
</datafield>
<datafield tag="720" ind1="1" ind2=" ">
<subfield code="a">Nogueira, Maria Angélica Ratier Jajah</subfield>
<subfield code="0">https://orcid.org/0000-0001-7882-3988</subfield></datafield>
<datafield tag="520" ind1=" " ind2=" ">
<subfield code="a"> Vascular Accident (CVA) is the neurological event that most affects society in recent years, causing disabilities in the population and death. It can be defined as a set of neurological disorders causing similar symptoms, but with different etiologies. Currently, Lucy Montoro Rehabilitation Center of São José dos Campos is a reference in the treatment of patients neurologically squealed. Thus, the aim of this study was to make an epidemiological survey of the profile of patients affected by CVA in this region and seen at this center. Methods: The records of patients received in this center between September 2011 and December 2014 were used during this research. Patients with hemiplegia caused by other etiologies were not analyzed. Results: Of the 230 valid records for the study, 60% were men and the socio-demographic profile showed that of these, 76% were older than 50 years. Considering the type of event, ischemic stroke was the most prevalent in our sample. It was found the same involvement of body parts affected, right and left 46% and 8% classified into double hemiparesis, since the prevailing motor pattern of the sample was paresis 87%. Conclusion: It was found that the population served by Lucy Montoro Rehabilitation Center of SJC consists most of men above 50 years of age affected by ischemic stroke (right or left) and prevalent paretic motor pattern. </subfield>
</datafield>
<datafield tag="260" ind1=" " ind2=" ">
<subfield code="b">Faculdade de Medicina, Universidade de São Paulo</subfield>
</datafield>
<dataField tag="260" ind1=" " ind2=" ">
<subfield code="c">2017-03-31 00:00:00</subfield>
</dataField>   <datafield tag="856" ind1=" " ind2=" ">
<subfield code="q">application/pdf</subfield>
</datafield>
<datafield tag="856" ind1=" " ind2=" ">
<subfield code="q">application/pdf</subfield>
</datafield>
<datafield tag="856" ind1="4" ind2="0">
<subfield code="u">https://www.revistas.usp.br/actafisiatrica/article/view/144577</subfield>
</datafield>  <datafield tag="786" ind1="0" ind2=" ">
<subfield code="n">Acta Fisiátrica; v. 24 n. 1 (2017)</subfield>
</datafield>  <datafield tag="546" ind1=" " ind2=" ">
<subfield code="a">eng</subfield>
</datafield>   <datafield tag="540" ind1=" " ind2=" ">
<subfield code="a">Copyright (c) 2017 Acta Fisiátrica</subfield>
</datafield>
</record>
</metadata>
</record>