
<record>
<header>
<identifier>oai:revistas.usp.br:article/144579</identifier>
<datestamp>2019-09-23T17:56:31Z</datestamp>
<setSpec>actafisiatrica:Art.+Orig.</setSpec>
<setSpec>driver</setSpec>
</header>
<metadata>
<record xmlns="http://www.loc.gov/MARC21/slim" xmlns:xsi="http://www.w3.org/2001/XMLSchema-instance" xsi:schemaLocation="http://www.loc.gov/MARC21/slim http://www.loc.gov/standards/marcxml/schema/MARC21slim.xsd">
<leader>     nmb a2200000Iu 4500</leader>
<controlfield tag="008">"170331 2017                        eng  "</controlfield>
<datafield tag="022" ind1="#" ind2="#">
<subfield code="$a">2317-0190</subfield>
</datafield>
<datafield tag="022" ind1="#" ind2="#">
<subfield code="$a">0104-7795</subfield>
</datafield>
<datafield tag="042" ind1=" " ind2=" ">
<subfield code="a">dc</subfield>
</datafield>
<datafield tag="245" ind1="0" ind2="0">
<subfield code="a">Fatores associados ao nível de atividade física de idosos usuários das academias da terceira idade</subfield>
</datafield>  <datafield tag="720" ind1="1" ind2=" ">
<subfield code="a">Oliveira, Daniel Vicentini de</subfield>
<subfield code="u">Faculdade Metropolitana de Maringá – FAMMA</subfield><subfield code="0">https://orcid.org/0000-0002-0272-9773</subfield></datafield>
<datafield tag="720" ind1="1" ind2=" ">
<subfield code="a">Lima, Maria do Carmo Correia de</subfield>
<subfield code="u">Universidade Estadual de Campinas – UNICAMP</subfield><subfield code="0">https://orcid.org/0000-0001-9018-5325</subfield></datafield>
<datafield tag="720" ind1="1" ind2=" ">
<subfield code="a">Contessoto, Luana Caroline</subfield>
<subfield code="u">Faculdade Metropolitana de Maringá – FAMMA</subfield><subfield code="0">https://orcid.org/0000-0002-0611-2068</subfield></datafield>
<datafield tag="720" ind1="1" ind2=" ">
<subfield code="a">Cremonez, Jean Carlos</subfield>
<subfield code="u">Faculdade Metropolitana de Maringá – FAMMA</subfield></datafield>
<datafield tag="720" ind1="1" ind2=" ">
<subfield code="a">Antunes, Mateus Dias</subfield>
<subfield code="u">Centro Universitário Cesumar – UniCesumar</subfield></datafield>
<datafield tag="720" ind1="1" ind2=" ">
<subfield code="a">Nascimento Júnior, José Roberto Andrade do</subfield>
<subfield code="u">Universidade Federal do Vale do São Francisco – UNIVASF</subfield><subfield code="0">https://orcid.org/0000-0003-3836-6967</subfield></datafield>
<datafield tag="520" ind1=" " ind2=" ">
<subfield code="a"> Objective: This study aimed to analyze the factors associated with the level of physical activity in older adults users of the Third Age Gyms (TAGs). Method: A total of 115 elderly people of both sexes participated, with mean age of 67.5 years (± 6.42), users of TAGs. A socio-demographic questionnaire and the International Physical Activity Questionnaire (IPAQ) were used. The analysis of the results was performed using a descriptive and inferential statistical approach using the Pearson Chi-square test, with gross odds ratios, binary logistic regression analysis, using a hierarchical analysis and a final regression model with the adjusted odds ratios. The analysis was made by means of descriptive and inferential statistics using Pearson&#039;s chi-square test, with calculation of odds gross ratios, binary logistic regression analysis, using hierarchical analysis and a final regression model to calculate the odds ratios adjusted. Results: There was a significant association between physical activity level with sex (p = 0.004), educational level (p = 0.048), perceived health (p = 0.046) and the importance of health to exercise (p &lt;0.001). It is noteworthy that the women showed a 0.262 protection factor, have 73.8% chance of being the most active/very active compared to men. Also, seniors who have perception of good health/very good and consider exercise as important for the health showed a protection factor of 0.276 and 0.097 respectively. Conclusion: In conclusion, the female sex, the high level of education, the perception of good health and the knowledge of the importance of exercise for health were associated with the active/very active level of physical activities in the TAGs. </subfield>
</datafield>
<datafield tag="260" ind1=" " ind2=" ">
<subfield code="b">Faculdade de Medicina, Universidade de São Paulo</subfield>
</datafield>
<dataField tag="260" ind1=" " ind2=" ">
<subfield code="c">2017-03-31 00:00:00</subfield>
</dataField>   <datafield tag="856" ind1=" " ind2=" ">
<subfield code="q">application/pdf</subfield>
</datafield>
<datafield tag="856" ind1=" " ind2=" ">
<subfield code="q">application/pdf</subfield>
</datafield>
<datafield tag="856" ind1="4" ind2="0">
<subfield code="u">https://www.revistas.usp.br/actafisiatrica/article/view/144579</subfield>
</datafield>  <datafield tag="786" ind1="0" ind2=" ">
<subfield code="n">Acta Fisiátrica; v. 24 n. 1 (2017)</subfield>
</datafield>  <datafield tag="546" ind1=" " ind2=" ">
<subfield code="a">eng</subfield>
</datafield>   <datafield tag="540" ind1=" " ind2=" ">
<subfield code="a">Copyright (c) 2017 Acta Fisiátrica</subfield>
</datafield>
</record>
</metadata>
</record>