
<record>
<header>
<identifier>oai:revistas.usp.br:article/144581</identifier>
<datestamp>2019-09-23T19:49:32Z</datestamp>
<setSpec>actafisiatrica:Art.+Orig.</setSpec>
<setSpec>driver</setSpec>
</header>
<metadata>
<record xmlns="http://www.loc.gov/MARC21/slim" xmlns:xsi="http://www.w3.org/2001/XMLSchema-instance" xsi:schemaLocation="http://www.loc.gov/MARC21/slim http://www.loc.gov/standards/marcxml/schema/MARC21slim.xsd">
<leader>     nmb a2200000Iu 4500</leader>
<controlfield tag="008">"170331 2017                        eng  "</controlfield>
<datafield tag="022" ind1="#" ind2="#">
<subfield code="$a">2317-0190</subfield>
</datafield>
<datafield tag="022" ind1="#" ind2="#">
<subfield code="$a">0104-7795</subfield>
</datafield>
<datafield tag="042" ind1=" " ind2=" ">
<subfield code="a">dc</subfield>
</datafield>
<datafield tag="245" ind1="0" ind2="0">
<subfield code="a">Grau de incapacidade física na população idosa afetada pela hanseníase no estado da Bahia, Brasil</subfield>
</datafield>  <datafield tag="720" ind1="1" ind2=" ">
<subfield code="a">Souza, Carlos Dornels Freire de</subfield>
<subfield code="0">https://orcid.org/0000-0003-0837-8254</subfield></datafield>
<datafield tag="720" ind1="1" ind2=" ">
<subfield code="a">Fernandes, Tania Rita Moreno de Oliveira</subfield>
</datafield>
<datafield tag="720" ind1="1" ind2=" ">
<subfield code="a">Matos, Thais Silva</subfield>
</datafield>
<datafield tag="720" ind1="1" ind2=" ">
<subfield code="a">Ribeiro Filho, José Maurício</subfield>
<subfield code="u">Faculdade São Francisco de Juazeiro – FASJ</subfield></datafield>
<datafield tag="720" ind1="1" ind2=" ">
<subfield code="a">Almeida, Grayce Kelly Alencar de</subfield>
<subfield code="u">Faculdade São Francisco de Juazeiro – FASJ</subfield></datafield>
<datafield tag="720" ind1="1" ind2=" ">
<subfield code="a">Lima, Jefferson César Bezerra</subfield>
<subfield code="u">Faculdade São Francisco de Juazeiro – FASJ</subfield></datafield>
<datafield tag="720" ind1="1" ind2=" ">
<subfield code="a">Santos, Adriana Rodrigues Sousa</subfield>
<subfield code="u">Faculdade São Francisco de Juazeiro – FASJ</subfield></datafield>
<datafield tag="720" ind1="1" ind2=" ">
<subfield code="a">Antonelli, Bruna Ângela</subfield>
<subfield code="u">Faculdade São Francisco de Juazeiro – FASJ</subfield></datafield>
<datafield tag="720" ind1="1" ind2=" ">
<subfield code="a">Oliveira, Denilson José de</subfield>
<subfield code="u">Faculdade São Francisco de Juazeiro – FASJ</subfield></datafield>
<datafield tag="520" ind1=" " ind2=" ">
<subfield code="a"> Objective: To analyze the degree of physical disability in the elderly population affected by leprosy in Bahia State, between 2001 and 2012. Methods: The data relating to cases of leprosy was obtained from National System of Notifiable Diseases. Variables analyzed gender, age, race/color, education level, clinical and operational classification, degree of physical incapacity in diagnosis and discharge. Epidemiological indicators related to physical incapacity were calculated. Results: The leprosy features high magnitude in the elderly population, with a coefficient of detection of new cases higher than the general population, situated at a hyperendemic level. As to the epidemiological profile of leprosy in elderly, stands out: men, age 60 to 69 years, white race, low education level, dimorphic clinical manifestation and multibacillary operational classification. 36.25% of diagnosed cases had a physical incapacity at the time of diagnosis, with emphasis on the masculine gender. Conclusion: The high proportion of individuals with physical incapacity at the time of diagnosis suggests late diagnosis and hidden prevalence of the disease, mostly in Individuals of the male gender. </subfield>
</datafield>
<datafield tag="260" ind1=" " ind2=" ">
<subfield code="b">Faculdade de Medicina, Universidade de São Paulo</subfield>
</datafield>
<dataField tag="260" ind1=" " ind2=" ">
<subfield code="c">2017-03-31 00:00:00</subfield>
</dataField>   <datafield tag="856" ind1=" " ind2=" ">
<subfield code="q">application/pdf</subfield>
</datafield>
<datafield tag="856" ind1=" " ind2=" ">
<subfield code="q">application/pdf</subfield>
</datafield>
<datafield tag="856" ind1="4" ind2="0">
<subfield code="u">https://www.revistas.usp.br/actafisiatrica/article/view/144581</subfield>
</datafield>  <datafield tag="786" ind1="0" ind2=" ">
<subfield code="n">Acta Fisiátrica; v. 24 n. 1 (2017)</subfield>
</datafield>  <datafield tag="546" ind1=" " ind2=" ">
<subfield code="a">eng</subfield>
</datafield>   <datafield tag="540" ind1=" " ind2=" ">
<subfield code="a">Copyright (c) 2017 Acta Fisiátrica</subfield>
</datafield>
</record>
</metadata>
</record>