
<record>
<header>
<identifier>oai:revistas.usp.br:article/144583</identifier>
<datestamp>2019-09-23T19:04:45Z</datestamp>
<setSpec>actafisiatrica:Art.+Orig.</setSpec>
<setSpec>driver</setSpec>
</header>
<metadata>
<record xmlns="http://www.loc.gov/MARC21/slim" xmlns:xsi="http://www.w3.org/2001/XMLSchema-instance" xsi:schemaLocation="http://www.loc.gov/MARC21/slim http://www.loc.gov/standards/marcxml/schema/MARC21slim.xsd">
<leader>     nmb a2200000Iu 4500</leader>
<controlfield tag="008">"170331 2017                        eng  "</controlfield>
<datafield tag="022" ind1="#" ind2="#">
<subfield code="$a">2317-0190</subfield>
</datafield>
<datafield tag="022" ind1="#" ind2="#">
<subfield code="$a">0104-7795</subfield>
</datafield>
<datafield tag="042" ind1=" " ind2=" ">
<subfield code="a">dc</subfield>
</datafield>
<datafield tag="245" ind1="0" ind2="0">
<subfield code="a">Fisioterapia nos pacientes politraumatizados graves: modelo de assistência terapêutica</subfield>
</datafield>  <datafield tag="720" ind1="1" ind2=" ">
<subfield code="a">Padovani, Cauê</subfield>
</datafield>
<datafield tag="720" ind1="1" ind2=" ">
<subfield code="a">Silva, Janete Maria da</subfield>
<subfield code="u">Hospital Alemão Oswaldo Cruz</subfield></datafield>
<datafield tag="720" ind1="1" ind2=" ">
<subfield code="a">Tanaka, Clarice</subfield>
<subfield code="0">https://orcid.org/0000-0003-3900-5944</subfield></datafield>
<datafield tag="520" ind1=" " ind2=" ">
<subfield code="a"> Objective: In view of the high degree of complexity that the polytrauma patient represents to the multiprofessional team in the elaboration and execution of their care plan in the intensive care unit (ICU), combined with the lack of evidence on the subject, this study suggests a model of early physiotherapeutic assistance to critical polytrauma patients based on the clinical experience of recent years. Method: The model was elaborated based on the practices verified in the records of 6,388 physiotherapy sessions performed in 198 patients hospitalized between December 2009 and September 2011 in polytraumas-specialized ICU. The activities/care were inserted in the model after approved in discussion with the multiprofessional team. All patients enrolled were aged 18 years or older and were victims of severe trauma according to the Injury Severity Score (ISS). Results: The proposed model was structured in such a way that the physical therapy activities/ care were organized according to the injured body region (traumatic brain injury, face fractures, spine fractures, thoracic trauma, abdominal trauma, pelvic fracture and extremities fractures). The routine of the ICU encouraged daily discussions with the medical team to know the particularities of each clinical case, to establish therapeutic goal and to design the rehabilitation program. Conclusion: The proposed model became routine and consolidated the physiotherapeutic action in the respective care unit. The physiotherapy team started working 24 hours a day. The model made possible the standardization of physical therapy assistance and greater safety for the severe polytrauma patient. </subfield>
</datafield>
<datafield tag="260" ind1=" " ind2=" ">
<subfield code="b">Faculdade de Medicina, Universidade de São Paulo</subfield>
</datafield>
<dataField tag="260" ind1=" " ind2=" ">
<subfield code="c">2017-03-31 00:00:00</subfield>
</dataField>   <datafield tag="856" ind1=" " ind2=" ">
<subfield code="q">application/pdf</subfield>
</datafield>
<datafield tag="856" ind1=" " ind2=" ">
<subfield code="q">application/pdf</subfield>
</datafield>
<datafield tag="856" ind1="4" ind2="0">
<subfield code="u">https://www.revistas.usp.br/actafisiatrica/article/view/144583</subfield>
</datafield>  <datafield tag="786" ind1="0" ind2=" ">
<subfield code="n">Acta Fisiátrica; v. 24 n. 1 (2017)</subfield>
</datafield>  <datafield tag="546" ind1=" " ind2=" ">
<subfield code="a">eng</subfield>
</datafield>   <datafield tag="540" ind1=" " ind2=" ">
<subfield code="a">Copyright (c) 2017 Acta Fisiátrica</subfield>
</datafield>
</record>
</metadata>
</record>