
<record>
<header>
<identifier>oai:revistas.usp.br:article/144584</identifier>
<datestamp>2019-09-23T19:59:16Z</datestamp>
<setSpec>actafisiatrica:Art.+Orig.</setSpec>
<setSpec>driver</setSpec>
</header>
<metadata>
<record xmlns="http://www.loc.gov/MARC21/slim" xmlns:xsi="http://www.w3.org/2001/XMLSchema-instance" xsi:schemaLocation="http://www.loc.gov/MARC21/slim http://www.loc.gov/standards/marcxml/schema/MARC21slim.xsd">
<leader>     nmb a2200000Iu 4500</leader>
<controlfield tag="008">"170331 2017                        eng  "</controlfield>
<datafield tag="022" ind1="#" ind2="#">
<subfield code="$a">2317-0190</subfield>
</datafield>
<datafield tag="022" ind1="#" ind2="#">
<subfield code="$a">0104-7795</subfield>
</datafield>
<datafield tag="042" ind1=" " ind2=" ">
<subfield code="a">dc</subfield>
</datafield>
<datafield tag="245" ind1="0" ind2="0">
<subfield code="a">Hiperalgesia secundária na lombalgia crônica inespecífica</subfield>
</datafield>  <datafield tag="720" ind1="1" ind2=" ">
<subfield code="a">Alfieri, Fabio Marcon</subfield>
<subfield code="u">Centro Universitário Adventista de São Paulo - UNASP</subfield><subfield code="0">https://orcid.org/0000-0002-5242-3246</subfield></datafield>
<datafield tag="720" ind1="1" ind2=" ">
<subfield code="a">Bernardo, Karoline Mayara de Aquiles</subfield>
<subfield code="u">Centro Universitário Adventista de São Paulo - UNASP</subfield></datafield>
<datafield tag="520" ind1=" " ind2=" ">
<subfield code="a"> Objective: Secondary hyperalgesia may be present in chronic nonspecific low back pain. The study compared pressure pain threshold (PPT) in the lumbar and thoracic paravertebral muscles in individuals with non-specific chronic low back pain correlating them with disability, functional mobility, age and body mass index. Method: This is a cross-sectional study involving individuals of both sexes diagnosed with non-specific chronic low back pain, aged between 18 and 65 years, with pain of moderate to severe intensity and with pain time of ≥ 12 weeks. The volunteers were evaluated for pain intensity through the Visual Analogue Scale (VAS), disability by the Roland Morris questionnaire, functional mobility by the Timed Up and Go test, and pressure pain threshold (PPT) by algometry. We used the t-test and made Pearson’s correlation for data analysis that was done in the Graph Pad Instat program. Results: Fifty individuals (53.75 ± 13.65 years) participated in the study, and when comparing PPT values between the thoracic and lumbar regions, no significant difference was observed (p = 0.19). Moderate correlation was observed only between lumbar and thoracic PPT (r = 0.65). Other correlations, though some significant, were all weak. Conclusion: The data from this study allow us to conclude that individuals with chronic low back pain may present with secondary hyperalgesia, since the individuals presented similar values between the lumbar and thoracic PPTs, in addition to having a significant correlation between these two measures. </subfield>
</datafield>
<datafield tag="260" ind1=" " ind2=" ">
<subfield code="b">Faculdade de Medicina, Universidade de São Paulo</subfield>
</datafield>
<dataField tag="260" ind1=" " ind2=" ">
<subfield code="c">2017-03-31 00:00:00</subfield>
</dataField>   <datafield tag="856" ind1=" " ind2=" ">
<subfield code="q">application/pdf</subfield>
</datafield>
<datafield tag="856" ind1=" " ind2=" ">
<subfield code="q">application/pdf</subfield>
</datafield>
<datafield tag="856" ind1="4" ind2="0">
<subfield code="u">https://www.revistas.usp.br/actafisiatrica/article/view/144584</subfield>
</datafield>  <datafield tag="786" ind1="0" ind2=" ">
<subfield code="n">Acta Fisiátrica; v. 24 n. 1 (2017)</subfield>
</datafield>  <datafield tag="546" ind1=" " ind2=" ">
<subfield code="a">eng</subfield>
</datafield>   <datafield tag="540" ind1=" " ind2=" ">
<subfield code="a">Copyright (c) 2017 Acta Fisiátrica</subfield>
</datafield>
</record>
</metadata>
</record>