
<record>
<header>
<identifier>oai:revistas.usp.br:article/144585</identifier>
<datestamp>2019-09-23T20:02:53Z</datestamp>
<setSpec>actafisiatrica:Art.+Orig.</setSpec>
<setSpec>driver</setSpec>
</header>
<metadata>
<record xmlns="http://www.loc.gov/MARC21/slim" xmlns:xsi="http://www.w3.org/2001/XMLSchema-instance" xsi:schemaLocation="http://www.loc.gov/MARC21/slim http://www.loc.gov/standards/marcxml/schema/MARC21slim.xsd">
<leader>     nmb a2200000Iu 4500</leader>
<controlfield tag="008">"170331 2017                        eng  "</controlfield>
<datafield tag="022" ind1="#" ind2="#">
<subfield code="$a">2317-0190</subfield>
</datafield>
<datafield tag="022" ind1="#" ind2="#">
<subfield code="$a">0104-7795</subfield>
</datafield>
<datafield tag="042" ind1=" " ind2=" ">
<subfield code="a">dc</subfield>
</datafield>
<datafield tag="245" ind1="0" ind2="0">
<subfield code="a">Modelo de reabilitação hospitalar após acidente vascular cerebral em país em desenvolvimento</subfield>
</datafield>  <datafield tag="720" ind1="1" ind2=" ">
<subfield code="a">Filippo, Thais Raquel Martins</subfield>
<subfield code="u">Instituto de Medicina Física e Reabilitação do Hospital das Clínicas - FMUSP</subfield><subfield code="0">https://orcid.org/0000-0002-6671-7587</subfield></datafield>
<datafield tag="720" ind1="1" ind2=" ">
<subfield code="a">Alfieri, Fabio Marcon</subfield>
<subfield code="u">Instituto de Medicina Física e Reabilitação do Hospital das Clínicas - FMUSP</subfield><subfield code="0">https://orcid.org/0000-0002-5242-3246</subfield></datafield>
<datafield tag="720" ind1="1" ind2=" ">
<subfield code="a">Daniel, Christiane Riedi</subfield>
<subfield code="u">Universidade Estadual do Centro-Oeste - UNICENTRO</subfield><subfield code="0">https://orcid.org/0000-0002-2282-1358</subfield></datafield>
<datafield tag="720" ind1="1" ind2=" ">
<subfield code="a">Souza, Daniel Rubio de</subfield>
<subfield code="u">Instituto de Medicina Física e Reabilitação do Hospital das Clínicas - FMUSP</subfield><subfield code="0">https://orcid.org/0000-0003-0207-9800</subfield></datafield>
<datafield tag="720" ind1="1" ind2=" ">
<subfield code="a">Battistella, Linamara Rizzo</subfield>
<subfield code="u">Universidade de São Paulo. Faculdade de Medicina</subfield><subfield code="0">https://orcid.org/0000-0001-5275-0733</subfield></datafield>
<datafield tag="520" ind1=" " ind2=" ">
<subfield code="a"> Intensive rehabilitation services with standardized treatment for stroke survivors are desirable once they contribute to the patients&#039; functional improvement even in facilities with restricted financial resources. Objective: To verify whether the stroke program at our public inpatient Rehabilitation Center contributes to improvements in functional outcome. Method: This is a retrospective cross-sectional study of the first and last 100 neurological patients (2009-2010 and 2014-2015) admitted at the Lucy Montoro Rehabilitation Network (Morumbi Unit). For this study, the patients were analyzed at admission and at discharge by the modified Rankin Scale (mRS). After testing for normality, an unpaired t-test was on the patients&#039; clinical and demographic characteristics. Intragroup analysis was performed by the nonparametric Wilcoxon test. The intergroup analysis used the Mann-Whitney nonparametric test. Functional outcome scores &lt; 3 at discharge were considered favorable. Results: The modified Rankin Scores (mRS) were assessed just before the initiation of the therapies and at the patients&#039; discharge. Median mRS score at admission was 4 compared to 3 at discharge (p=0.0001), after 4 to 6 weeks in the stroke program. Conclusions: Short term, standardized intensive rehabilitation program with multidisciplinary therapies, in which the patient remains hospitalized, promote functional improvements of patients with stroke sequelae. </subfield>
</datafield>
<datafield tag="260" ind1=" " ind2=" ">
<subfield code="b">Faculdade de Medicina, Universidade de São Paulo</subfield>
</datafield>
<dataField tag="260" ind1=" " ind2=" ">
<subfield code="c">2017-03-31 00:00:00</subfield>
</dataField>   <datafield tag="856" ind1=" " ind2=" ">
<subfield code="q">application/pdf</subfield>
</datafield>
<datafield tag="856" ind1=" " ind2=" ">
<subfield code="q">application/pdf</subfield>
</datafield>
<datafield tag="856" ind1="4" ind2="0">
<subfield code="u">https://www.revistas.usp.br/actafisiatrica/article/view/144585</subfield>
</datafield>  <datafield tag="786" ind1="0" ind2=" ">
<subfield code="n">Acta Fisiátrica; v. 24 n. 1 (2017)</subfield>
</datafield>  <datafield tag="546" ind1=" " ind2=" ">
<subfield code="a">eng</subfield>
</datafield>   <datafield tag="540" ind1=" " ind2=" ">
<subfield code="a">Copyright (c) 2017 Acta Fisiátrica</subfield>
</datafield>
</record>
</metadata>
</record>