
<record>
<header>
<identifier>oai:revistas.usp.br:article/144586</identifier>
<datestamp>2019-10-25T20:12:50Z</datestamp>
<setSpec>actafisiatrica:Art.+Rev.</setSpec>
<setSpec>driver</setSpec>
</header>
<metadata>
<record xmlns="http://www.loc.gov/MARC21/slim" xmlns:xsi="http://www.w3.org/2001/XMLSchema-instance" xsi:schemaLocation="http://www.loc.gov/MARC21/slim http://www.loc.gov/standards/marcxml/schema/MARC21slim.xsd">
<leader>     nmb a2200000Iu 4500</leader>
<controlfield tag="008">"170331 2017                        eng  "</controlfield>
<datafield tag="022" ind1="#" ind2="#">
<subfield code="$a">2317-0190</subfield>
</datafield>
<datafield tag="022" ind1="#" ind2="#">
<subfield code="$a">0104-7795</subfield>
</datafield>
<datafield tag="042" ind1=" " ind2=" ">
<subfield code="a">dc</subfield>
</datafield>
<datafield tag="245" ind1="0" ind2="0">
<subfield code="a">Eficácia de intervenções para a melhora da resistência muscular em idosos: revisão sistemática de literatura</subfield>
</datafield>  <datafield tag="720" ind1="1" ind2=" ">
<subfield code="a">Luiz, Gesylâine Marques</subfield>
<subfield code="u">Universidade Federal de Minas Gerais - UFMG</subfield></datafield>
<datafield tag="720" ind1="1" ind2=" ">
<subfield code="a">Faria, Christina Danielli Coelho de Morais</subfield>
<subfield code="u">Universidade Federal de Minas Gerais - UFMG</subfield><subfield code="0">http://orcid.org/0000-0001-9784-9729</subfield></datafield>
<datafield tag="520" ind1=" " ind2=" ">
<subfield code="a"> Global population aging has been much discussed in the last decade. China, Japan, and countries in Europe and North America have long lived with a large contingent of elderly people and all the problems associated with this aging process. However, the Brazilian elderly population, more specifically the female population, has been growing rapidly: the aging process in Brazil is occurring in a short period of time. With aging, loss of skeletal muscle mass as a whole is common. The impairment of muscle strength in the elderly individual is evident, since the loss of type II fibers is greater than type I. However, loss of type I muscle fibers also occurs during aging, and therefore, characteristics related to this type of fiber, such as muscular endurance, should also be considered by health professionals. Objective: The primary objective of this study was to perform a systematic review of the literature to determine the efficacy of intervention programs in improving muscular endurance in the elderly. The secondary objective was to evaluate the efficacy of these programs in improving other functional and health outcomes in this population. Method: Systematic review of literature based on the Prisma protocol (Pre- sent Reporting Items for Systematic Reviews and Meta- Analyzes), with searches in the MEDLINE, PEDro, LILACS and SCIELO databases, using a specific search strategy involving descriptors related to the elderly And muscular endurance. We included studies published in Portuguese and English, of the quasi-experimental (EQ) or randomized clinical trial (RCT), which involved elderly individuals and approached the skeletal muscles of lower limbs, upper limbs or trunk, and evaluated the efficacy of interventions for Improvement of muscular endurance. Results: A total of 133 studies were found with the electronic search. Of these, only 13 met the inclusion criteria, being 7 RCTs and 6 QE. The mean score obtained by the RCTs on the PEDro scale was 5.57, while the mean score obtained by the TRENDs was 18.57. Among the seven RCTs, all were classified as having adequate methodological quality. Conclusion: According to the results of most of the included studies, intervention programs elaborated according to the specific characteristics of the muscular endurance concept are effective in improving muscular endurance and other functional and health outcomes of healthy elderly. Further studies are needed to investigate the efficacy of interventions aimed at improving the muscular endurance of elderly individuals who have some associated health condition or specific disability. </subfield>
</datafield>
<datafield tag="260" ind1=" " ind2=" ">
<subfield code="b">Faculdade de Medicina, Universidade de São Paulo</subfield>
</datafield>
<dataField tag="260" ind1=" " ind2=" ">
<subfield code="c">2017-03-31 00:00:00</subfield>
</dataField>   <datafield tag="856" ind1=" " ind2=" ">
<subfield code="q">application/pdf</subfield>
</datafield>
<datafield tag="856" ind1=" " ind2=" ">
<subfield code="q">application/pdf</subfield>
</datafield>
<datafield tag="856" ind1="4" ind2="0">
<subfield code="u">https://www.revistas.usp.br/actafisiatrica/article/view/144586</subfield>
</datafield>  <datafield tag="786" ind1="0" ind2=" ">
<subfield code="n">Acta Fisiátrica; v. 24 n. 1 (2017)</subfield>
</datafield>  <datafield tag="546" ind1=" " ind2=" ">
<subfield code="a">eng</subfield>
</datafield>   <datafield tag="540" ind1=" " ind2=" ">
<subfield code="a">Copyright (c) 2017 Acta Fisiátrica</subfield>
</datafield>
</record>
</metadata>
</record>
<resumptionToken expirationDate="2023-08-08T14:50:23Z" completeListSize="935" cursor="600">dabeffe8dc86ba3be580a9a5e650b3e8</resumptionToken>
</ListRecords>
</OAI-PMH> 